5025 6925
442 666 491 727 m
528 663 530 668 .

446 782 485 842 ιΗ
498 780 549 837 ista
563 779 708 850 negligunt,
719 776 814 848 quibus
826 773 921 830 dicitur
932 772 940 802 ¹
951 770 988 824 ibi
1001 788 1007 824 :
1019 765 1129 827 Esuriu,
1142 771 1165 816 et
1176 776 1227 815 nou

448 872 545 930 desistis
555 871 619 925 milri
628 869 781 925 mattdacan
791 863 897 937 (lfattlr.
908 854 970 924 xxv,
981 859 1026 923 55,
1035 856 1091 925 ld).
1104 851 1227 916 Pioindc,

450 965 501 1035 quta
515 962 552 1018 dc
566 960 608 1015 bis
620 960 665 1030 qai
679 966 819 1013 versantur
834 956 860 1009 iu
874 951 985 1023 negotiis
1001 962 1029 1005 et
1042 944 1166 1018 operibus
1179 942 1231 997 bu·

451 1052 605 1136 immundi,
620 1050 665 1105 alii
679 1048 793 1121 diligunt
809 1043 965 1101 benefacere
986 1036 1172 1110 indigentibus,
1187 1030 1232 1088 alii

454 1145 585 1218 ngligunt
598 1160 604 1195 :
619 1150 743 1211 tanquam
755 1139 788 1195 de
799 1137 901 1192 duabus
915 1134 942 1190 in
956 1130 1107 1189 molendino
1123 1144 1175 1182 una
1188 1141 1232 1181 at·

450 1244 569 1300 mar,
584 1242 608 1288 et
624 1247 676 1285 una
697 1231 857 1299 retorquetur.
879 1225 989 1281 Lectum
1010 1223 1098 1277 autenl
1120 1217 1234 1289 positum

446 1326 563 1384 arbitrm
587 1336 640 1394 pro
658 1320 767 1391 quiete:
783 1318 844 1388 quia
866 1325 929 1371 sunt
948 1314 993 1384 qui
1015 1325 1100 1381 neque
1117 1308 1235 1364 actiones

445 1413 541 1470 nundi
555 1411 610 1484 pati
626 1410 727 1473 volunt,
741 1409 809 1462 sicut
827 1415 888 1460 sunt
901 1402 1032 1473 conjugati
1051 1400 1172 1454 ltomincs
1189 1396 1236 1449 ba·

442 1507 546 1562 buttes
561 1501 668 1566 domos,
683 1496 806 1560 familias,
820 1496 907 1560 frlios;
923 1507 1007 1562 neque
1021 1488 1118 1559 aliquid
1138 1487 1165 1541 in
1185 1485 1237 1539 Ec·

427 1597 533 1653 'ciceia
544 1600 639 1664 agunt,
650 1591 719 1645 sicut
728 1586 862 1662 praepositi
874 1585 946 1640 velut
958 1584 983 1637 in
996 1578 1153 1651 agricultura
1166 1576 1239 1631 labo·

439 1697 560 1753 rantes;
574 1684 622 1741 sed
635 1683 708 1739 velut
722 1681 755 1736 ad
769 1681 825 1735 ltac
839 1677 944 1742 inftrmi,
959 1674 1086 1731 secedunt
1099 1671 1132 1727 ad
1145 1669 1238 1734 otiunt,

436 1790 480 1837 et
495 1778 581 1851 quieti
602 1790 663 1831 csse
685 1774 812 1843 diligunt;
828 1770 909 1825 veluti
929 1780 1060 1822 memores
1082 1760 1241 1818 intimitatis

441 1886 524 1937 aaa,
533 1883 586 1925 non
598 1881 629 1922 se
641 1864 837 1921 committentes
852 1859 952 1928 magnis
964 1854 1121 1920 actionibus,
1134 1863 1160 1908 et
1173 1865 1241 1922 quo-

447 1956 599 2016 dammodo
620 1956 647 2010 in
671 1963 754 2009 strato
779 1950 939 2005 itrfrrntitatis
960 1954 1082 2018 rogantes
1103 1944 1195 1998 licum
1210 1941 1243 1996 Et

458 2052 517 2123 ipa
526 2046 654 2120 professio
662 2045 741 2099 babet
751 2042 844 2106 bonos,
853 2040 933 2094 babet
945 2037 1020 2092 fletos
1028 2054 1034 2088 :
1043 2032 1154 2107 proinde
1164 2033 1242 2087 etiarn

458 2159 493 2200 ex
507 2136 549 2198 lti's
567 2155 633 2195 ants
650 2145 800 2199 assumetur,
813 2142 836 2187 et
848 2148 912 2186 artus
925 2132 1085 2196 relinquetur.
1097 2125 1138 2181 tid
1149 2141 1244 2195 quatu-

459 2247 573 2305 caatqne
594 2229 787 2301 professionem
814 2233 839 2278 te
863 2222 1037 2287 converteris,
1058 2232 1123 2290 para
1146 2226 1172 2272 to
1192 2216 1245 2286 pati

459 2325 538 2382 fluor
549 2340 558 2376 ε
568 2320 686 2393 alioquin
696 2319 719 2372 si
733 2328 758 2372 te
769 2331 820 2371 non
831 2312 976 2385 paraveris,
987 2307 1183 2380 inveniesquod
1194 2322 1246 2362 non

461 2412 601 2486 sperabas,
609 2421 637 2466 et
646 2408 755 2465 deficies
767 2414 812 2461 aut
820 2402 1027 2476 perturbaberis.
1036 2401 1076 2455 Ad
1085 2398 1172 2453 omnia
1184 2412 1247 2468 ergo

463 2516 489 2563 ts
501 2510 622 2578 paratum
639 2500 701 2555 facit
713 2498 757 2569 qui
774 2496 819 2552 tibi
836 2494 960 2565 loquitur,
975 2507 1035 2547 cum
1051 2501 1155 2560 tempus
1169 2496 1210 2543 cst
1221 2495 1249 2543 et

464 2595 503 2654 uti
515 2591 653 2666 loquendi,
665 2588 782 2645 nonduin
789 2584 935 2657 judicandi,
946 2592 974 2639 et
985 2583 1030 2637 tibi
1040 2578 1175 2646 audiendi,
1183 2592 1250 2633 non·

464 2686 526 2744 dam
544 2683 645 2740 frustra
665 2677 821 2752 penitendi.
839 2676 889 2731 list
905 2674 976 2731 enim
997 2670 1077 2729 modu
1095 2669 1250 2743 poenitentia

466 2794 517 2835 taos
538 2775 638 2833 frastra
653 2791 661 2829 t
676 2772 727 2828 erit
750 2779 813 2826 tanc
834 2768 942 2824 frustra.
953 2767 1010 2822 Non
1028 2766 1098 2821 enim
1118 2774 1180 2821 tunc
1197 2778 1250 2818 non

467 2868 605 2943 poenitebit
617 2865 739 2920 bomiues
751 2862 821 2918 male
833 2860 931 2916 vixisse
941 2874 950 2911 t
961 2857 1008 2913 sed
1021 2857 1094 2912 nullo
1108 2855 1187 2910 modo
1199 2854 1252 2910 illis

466 2959 562 3032 judan
581 2956 629 3012 lici
644 2962 754 3011 revocat
767 2953 837 3024 qnod
856 2965 904 3005 sua
924 2950 1050 3020 injustitia
1071 2946 1250 3019 perdiderunt.

469 3054 569 3112 lutam
580 3051 653 3108 enim
668 3057 710 3106 est
723 3047 791 3120 apud
806 3047 899 3108 beorn,
913 3054 942 3099 ut
956 3043 1035 3097 modo
1053 3040 1185 3111 impertiat
1202 3041 1268 3106 ιιιί-1

470 3150 649 3216 casamarii,
668 3157 732 3203 tunc
751 3152 875 3201 exerceat
892 3140 1030 3211 judicium.
1046 3138 1107 3194 ldeo
1119 3152 1190 3193 nunc
1201 3151 1254 3191 non

471 3252 580 3301 Μαι.
598 3242 641 3297 bn
666 3238 784 3295 tacetur?
802 3241 903 3306 Arguat
923 3234 1044 3304 quisque,
1061 3239 1216 3290 atttrmttret.
1232 3230 1254 3283 si

471 3350 520 3390 noa
542 3348 592 3405 per
614 3340 699 3387 totum
720 3328 812 3385 orbern
835 3326 891 3380 baec
911 3324 1047 3393 Scriptura
1070 3323 1197 3376 recitatur
1215 3328 1256 3374 at·

470 3439 520 3497 qne
539 3417 680 3487 canutum
696 3418 718 3476 si
735 3428 822 3476 cessat
840 3418 919 3475 ctiam
938 3414 1039 3472 venalis
1059 3413 1120 3470 ferri
1139 3427 1188 3485 per
1208 3427 1257 3483 pu-

470 3517 576 3576 lelium.

503 3612 531 3669 3.
553 3608 631 3684 [vm.
648 3605 724 3681 l,2.]
737 3605 790 3663 Sed
801 3618 892 3659 revera
907 3603 958 3656 ltoc
972 3609 999 3656 tc
1013 3574 1150 3670 pcrtitrbat
1168 3594 1258 3649 bomi-

470 3719 531 3761 nem
545 3691 738 3765 cftri'stianam,
753 3697 813 3768 quia
831 3696 906 3751 vides
924 3693 993 3749 male
1017 3690 1136 3746 viventes
1149 3687 1256 3753 felices,

472 3809 560 3852 rerum
573 3794 684 3849 istarum
696 3789 773 3860 copia
786 3785 979 3849 circumfluere,
991 3796 1071 3837 sanos
1082 3793 1150 3845 esse,
1166 3791 1259 3847 super·

471 3888 514 3945 tt·
523 3885 696 3959 dignitatibus
708 3883 825 3940 eminere
836 3922 844 3945 ,
860 3877 1018 3934 incolumem
1031 3872 1130 3928 babere
1139 3870 1258 3935 domum,

473 3978 567 4052 gandia
584 3990 711 4039 suornm,
725 3971 852 4043 obsequia
865 3968 1012 4034 clientium,
1023 3961 1261 4021 excellentissimas

475 4062 627 4143 pacatius,
648 4061 716 4122 nibll
738 4063 813 4119 triste
834 4058 1003 4130 interpellare
1022 4056 1104 4113 vitam
1117 4054 1259 4124 ipsorum:

477 4174 564 4217 tnates
584 4157 761 4231 nequissimos
786 4151 876 4218 vides,
900 4149 1038 4204 facultates
1065 4143 1262 4215 copiosissimas

478 4249 619 4322 perspicis3
634 4246 737 4303 ctdicit
748 4253 877 4300 cortuum
892 4239 991 4296 nullum
1006 4252 1066 4294 esse
1081 4235 1199 4292 divinum
1219 4233 1263 4304 ju·

478 4342 586 4408 muta,
600 4338 690 4396 omnia
708 4336 814 4394 casibus
827 4332 890 4390 ferri
904 4341 931 4389 et
945 4330 1060 4386 fortuitis
1072 4328 1187 4382 motibus
1198 4340 1262 4381 ven·

480 4433 556 4489 tdati.
576 4431 642 4488 liam
655 4433 678 4486 si
696 4430 775 4496 bens,
790 4426 888 4498 inquis,
906 4438 949 4479 res
960 4423 1088 4477 lrumnnas
1101 4419 1262 4488 respiceret,

479 4523 587 4581 floreret
599 4522 670 4578 illius
682 4521 823 4591 iniquitas,
838 4526 865 4572 et
879 4530 937 4571 mea
951 4511 1101 4569 innocentia
1113 4508 1264 4564 laboraret?

960 646 1155 711 satuit-two
1174 644 1207 702 ΙΝ
1226 640 1384 700 t‘sttttttttt
1404 640 1524 697 xxxtt.

2010 646 2062 704 ast

1283 765 1360 823 sunt,
1374 764 1401 812 ot
1411 755 1578 827 superficiem
1598 763 1676 811 terta
1693 758 1808 813 tenentia
1823 759 1843 823 ¹,
1857 759 1938 815 altam
1948 739 2064 820 radiccrn

1283 863 1336 904 nou
1357 847 1465 904 babent.
1479 846 1592 903 Proinde
1605 862 1653 917 per
1667 847 1782 907 hiemem
1800 850 1887 907 virent
1900 869 1907 906 :
1920 862 1948 908 at
1961 854 2006 908 ubl
2025 851 2066 909 sul

1283 940 1383 997 aestatis
1395 937 1545 995 fervescere
1556 940 1678 1010 coepcrit,
1693 950 1823 997 arescent.
1835 942 1912 998 blodo
1926 958 1989 1016 ergo
2000 953 2068 1000 tem
2102 934 2105 939 ’

1283 1040 1388 1104 potest
1401 1030 1508 1098 hiemis,
1527 1031 1610 1102 gloria
1631 1040 1675 1086 toa
1699 1034 1815 1089 nondum
1836 1046 1967 1106 apparet:
1985 1037 2033 1093 scd
2046 1038 2069 1094 si

1285 1124 1337 1178 alta
1348 1121 1424 1178 radix
1435 1132 1476 1178 cst
1484 1122 1620 1178 charitatis
1635 1132 1697 1193 trra,
1712 1125 1931 1182 sicuturultarum
1944 1128 2069 1185 arborum

1286 1230 1334 1287 per
1348 1214 1479 1282 lrienrem,
1491 1215 1688 1286 transitfrigus,
1710 1220 1799 1274 veniet
1818 1231 1913 1287 aestas,
1930 1222 1955 1275 id
1977 1200 2070 1293 estin-

1287 1305 1348 1361 dicii
1369 1306 1426 1361 dies
1447 1316 1533 1361 :tunc
1546 1315 1649 1363 arescet
1668 1310 1739 1363 viror
1763 1310 1844 1377 foerti,
1860 1321 1922 1367 tuuc
1936 1314 2072 1383 apparebit

1288 1398 1414 1454 arborum
1437 1398 1529 1470 gloria.
1555 1398 1651 1455 lfortui
1677 1403 1742 1456 entim
1763 1404 1834 1471 eatis,
1859 1407 1896 1461 ait
1910 1408 2071 1478 Apostolus:

1289 1488 1421 1559 quomodo
1435 1489 1558 1545 videntur
1577 1492 1687 1547 arbores
1709 1510 1756 1565 per
1770 1494 1901 1560 biemcrn.
1926 1503 2000 1569 quasi
2021 1504 2074 1556 ari-

1290 1578 1341 1644 dae,
1352 1580 1427 1651 quasi
1440 1589 1561 1636 mortuae.
1577 1582 1647 1653 Ergo
1660 1599 1718 1653 qum
1733 1600 1804 1655 spes,
1819 1587 1841 1642 si
1852 1589 1949 1644 mortui
1964 1593 2074 1648 sumus?

1291 1672 1415 1728 lntttsest
1426 1671 1501 1727 radix
1519 1690 1526 1726 :
1543 1674 1586 1729 ubi
1605 1675 1678 1731 radix
1694 1687 1795 1744 nostra,
1811 1678 1846 1733 tbi
1860 1690 1886 1735 et
1900 1681 1954 1736 vita
1967 1675 2074 1747 nostra;

1292 1764 1327 1819 ibi
1349 1764 1418 1819 cnint
1434 1764 1555 1825 ebaritas¹
1567 1776 1668 1822 nostra.
1683 1766 1713 1821 Et
1731 1769 1782 1823 uita
1798 1779 1889 1839 uestra,
1903 1774 2002 1844 inqnit,
2015 1776 2075 1830 aba·

1293 1857 1394 1910 condita
1407 1866 1446 1925 pst
1459 1874 1517 1911 curn
1528 1856 1626 1914 cbristo
1637 1860 1663 1913 in
1676 1844 1737 1915 lieo.
1752 1862 1863 1929 Quando
1875 1866 1972 1922 arescit
1985 1869 2029 1939 qai
2039 1869 2078 1924 sic

1294 1944 1374 2002 babet
1394 1947 1532 2004 radiccrn‘t
1550 1949 1661 2017 Quando
1683 1959 1772 2007 autem
1795 1956 1847 2010 erit
1868 1971 1915 2011 ver
1938 1960 2079 2014 nostrum?

1294 2038 1400 2108 quando
1422 2047 1501 2134 asmo
1524 2040 1633 2095 nostra?
1646 2041 1752 2111 qnando
1775 2058 1825 2099 nos
1842 2046 2022 2104 cIrcumvestit
2039 2051 2080 2105 di-

1296 2132 1383 2201 gnitas
1405 2131 1546 2197 foliorum,
1575 2142 1603 2188 ct
1630 2134 1736 2191 ubertas
1759 2137 1890 2193 fructuum
1918 2141 2081 2213 locupletati

1297 2221 1402 2293 quando
1417 2221 1467 2278 ltoc
1486 2223 1559 2277 erit?
1571 2224 1639 2279 Audi
1653 2226 1723 2295 quod
1737 2229 1876 2299 seqnitur:
1891 2229 1954 2286 Cum
1968 2232 2080 2288 Clusius

1297 2313 1451 2384 apparuerit,
1464 2314 1515 2368 uita
1527 2324 1617 2383 uestra,
1631 2325 1690 2370 tunc
1703 2328 1727 2371 et
1739 2334 1782 2373 cos
1793 2336 1850 2375 cunr
1864 2321 1920 2393 ipsa
1929 2301 2082 2396 apparebitis

1298 2403 1325 2457 in
1345 2404 1426 2474 pluria
1440 2402 1550 2475 (Colore.
1573 2423 1613 2472 nt,
1628 2408 1656 2474 ὅ,
1670 2409 1708 2479 l).
1732 2409 1798 2477 Quid
1820 2427 1884 2481 ergo
1905 2414 2006 2470 ntodol
2019 2416 2083 2471 Noli

1299 2494 1412 2549 temulari
1421 2494 1448 2549 in
1459 2496 1663 2567 malignantibus,
1679 2514 1757 2569 noque
1767 2502 1892 2559 oentafetis
1902 2503 2020 2575 facientes
2032 2507 2084 2561 ini·

1299 2590 1427 2659 quitateut.
1440 2587 1565 2663 Quoniam
1577 2599 1695 2660 tanquam
1704 2592 1797 2662 frenant
1807 2594 1856 2649 cito
1868 2607 2024 2668 amanet
2035 2599 2084 2653 ric·

1300 2688 1330 2734 ttt
1338 2680 1407 2734 olera
1420 2682 1486 2749 prati
1498 2681 1547 2735 cita
1559 2669 1658 2738 cudent.

1336 2770 1364 2826 d.
1392 2770 1467 2843 [uert.
1481 2773 1508 2835 b,
1521 2771 1562 2847 6.]
1575 2774 1643 2842 Quid
1657 2790 1720 2846 ergo
1733 2777 1782 2832 tuf
1795 2777 1878 2847 Spera
1895 2779 1923 2835 in
1937 2779 2087 2847 Dominum,

1303 2860 1341 2917 illi
1366 2862 1437 2917 cnim
1460 2876 1568 2933 sperant
1592 2878 1645 2928 non
1661 2866 1686 2920 in
1713 2868 1853 2941 Duritinum
1874 2882 1883 2923 t
1902 2886 1964 2942 spes
1981 2874 2087 2929 illorunt

1303 2952 1433 3054 mortalis,
1444 2968 1506 3023 spes
1518 2954 1622 3009 illorurn
1631 2956 1739 3021 cadurca,
1753 2957 1862 3029 fragilis,
1873 2961 1996 3030 volatica,
2011 2971 2087 3018 tran-

1304 3043 1413 3110 sitoria,
1430 3044 1514 3100 inanis
1525 3050 1587 3100 crit.
1604 3047 1686 3116 Spera
1700 3049 1726 3101 in
1744 3048 1890 3106 Danunant.
1904 3052 1974 3109 Ecce
1988 3070 2067 3124 spero
2079 3099 2087 3123 ,

1305 3133 1368 3203 qaid
1393 3135 1464 3205 ago?
1479 3134 1513 3189 tte
1536 3137 1578 3207 fac
1598 3137 1739 3192 bonitatem.
1763 3140 1822 3196 Noli
1850 3142 1994 3213 malitiam,
2009 3162 2088 3217 quant

1305 3223 1417 3291 respicis
1443 3225 1468 3278 itt
1494 3225 1546 3280 illis
1558 3226 1627 3281 male
1647 3226 1802 3303 florentibus
1818 3248 1825 3284 :
1841 3236 1883 3304 [aa
1908 3234 2051 3305 beatitatem,
2066 3248 2088 3292 et

1306 3313 1418 3369 inhabita
1430 3325 1531 3370 terrant.
1545 3316 1585 3373 lle
1598 3317 1666 3375 forte
1679 3320 1825 3381 bonitatem
1834 3333 1908 3380 extra
1923 3326 2090 3385 inhabitatio·

1308 3420 1368 3463 nem
1392 3417 1469 3464 terrm
1482 3407 1573 3465 facias.
1587 3410 1668 3467 Tcrra
1682 3414 1753 3468 enirn
1769 3414 1885 3483 Domini,
1902 3418 2019 3476 Ecclesia
2033 3423 2091 3493 ejus

1307 3507 1349 3553 est
1363 3517 1370 3553 ε
1382 3499 1465 3569 ipsam
1475 3500 1553 3571 rigat,
1568 3501 1650 3572 ipsam
1661 3506 1725 3562 colit
1734 3505 1780 3561 illc
1789 3509 1902 3578 agricola
1911 3510 1990 3567 Pater
2001 3511 2091 3586 (dean.

1309 3606 1354 3658 xv,
1369 3591 1410 3660 i).
1425 3591 1497 3647 littlti
1519 3594 1590 3648 enirn
1604 3596 1679 3665 quasi
1704 3608 1831 3654 exercent
1850 3600 1919 3656 bona
1932 3618 2028 3674 opera,
2045 3607 2092 3664 scd

1308 3684 1369 3754 quia
1383 3698 1436 3738 nou
1449 3683 1596 3740 inhabitant
1610 3694 1718 3754 terram,
1735 3704 1787 3744 non
1804 3693 1934 3761 pertinent
1946 3697 1978 3750 atl
1991 3699 2093 3768 agrico-

1309 3777 1372 3834 lam.
1388 3780 1457 3852 Ergo
1471 3780 1512 3836 fac
1523 3780 1687 3850 bonitatem,
1701 3799 1754 3839 non
1775 3795 1849 3840 extra
1871 3797 1978 3854 terram,
1990 3792 2037 3847 sed
2051 3793 2094 3847 in·

1310 3867 1397 3924 habita
1411 3880 1518 3925 terram.
1531 3871 1637 3942 thuid
1653 3859 1779 3953 habebo?
1794 3875 1827 3929 Et
1837 3880 1946 3948 pasceris
1958 3881 1985 3934 in
2001 3883 2095 3940 divitiis

1311 3959 1375 4029 eiua
1391 3960 1456 4028 Qttae
1469 3970 1532 4015 suut
1545 3962 1644 4017 divitia
1658 3961 1716 4031 ojus
1729 3966 1829 4019 terra?
1842 3965 1945 4023 Divitiae
1965 3969 2024 4040 ejus
2038 3973 2094 4028 lio-

1312 4051 1399 4106 minos
1411 4051 1489 4121 ejus,
1509 4051 1608 4108 divitiae
1621 4055 1680 4124 ejus
1701 4053 1771 4111 Deus
1787 4055 1854 4127 ejus.
1871 4059 1930 4130 lpse
1941 4071 1983 4117 est
1997 4063 2040 4120 ille
2052 4067 2096 4121 cul

1312 4140 1426 4208 dicitur;
1455 4142 1522 4199 Part
1542 4161 1615 4213 mea,
1640 4144 1846 4221 Dominefl'tal.
1865 4167 1951 4219 txxtt,
1964 4154 2020 4225 stt.
2037 4156 2097 4230 tpsc

1312 4241 1355 4288 cst
1369 4232 1413 4289 ille
1426 4232 1460 4289 de
1473 4249 1527 4304 quo
1540 4234 1638 4292 dicitur
1648 4254 1655 4291 τ
1667 4235 1790 4292 flandum
1801 4256 1860 4310 part
1871 4243 2022 4301 baereditatis
2034 4264 2097 4304 ntea

1313 4333 1338 4378 et
1362 4323 1447 4378 calicis
1469 4324 1519 4379 atei
1542 4324 1626 4396 (Paul.
1642 4343 1685 4393 xv,
1706 4327 1745 4395 5).
1760 4329 1869 4386 Recenti
1883 4348 2006 4393 sermone
2025 4354 2098 4399 com-

1314 4412 1498 4471 mendavimus
1510 4413 1548 4487 (ιι)
1561 4415 1689 4473 charitati
1702 4417 1817 4490 Vestrae,
1830 4431 1858 4477 et
1872 4422 1954 4479 beon
1964 4442 2024 4485 esse
2034 4444 2098 4505 pos-

1314 4519 1460 4565 sessionem
1479 4517 1613 4573 nostram,
1632 4518 1659 4564 et
1678 4524 1728 4565 nos
1748 4525 1808 4566 esse
1830 4514 2025 4582 possessionem
2041 4521 2098 4577 bei.

481 4613 571 4672 linitis
582 4614 692 4670 morbus
703 4611 784 4666 animi
798 4609 878 4664 babet
892 4607 918 4662 in
930 4603 1073 4676 scripturis
1085 4601 1265 4657 medicamen·
1314 4595 1383 4652 dudi
1398 4597 1459 4668 quia
1473 4595 1661 4676 divinatoriae
1676 4599 1758 4673 bajus
1767 4603 1876 4672 ipsccst
1890 4622 1897 4659 ε
1911 4606 1971 4664 vide
1982 4610 2045 4679 quid
2060 4628 2100 4667 se·

483 4717 628 4762 unimam
650 4704 794 4774 :qniergo
814 4701 853 4756 sic
873 4707 1004 4770 agrotat,
1033 4704 1061 4750 ut
1082 4695 1131 4750 ista
1146 4693 1216 4748 dicat
1238 4692 1266 4748 in
1315 4686 1416 4757 quitur,
1432 4687 1561 4745 Delectare
1576 4689 1604 4745 in
1618 4689 1736 4747 Domino.
1760 4692 1896 4766 Tanquam
1909 4700 2056 4766 quaesieris,
2071 4712 2099 4758 et

484 4797 561 4853 cade
573 4811 634 4863 suo,
648 4795 721 4850 bibat
735 4793 869 4865 potionem
896 4789 988 4861 psalmi
1010 4786 1098 4857 liujus.
1116 4783 1185 4854 Quid
1204 4782 1266 4839 estl
1317 4776 1424 4847 dixeris,
1436 4778 1552 4835 Ostende
1564 4781 1628 4836 mibi
1640 4782 1744 4839 divitias
1758 4794 1837 4841 terrae
1858 4786 1939 4852 illius,
1954 4790 1979 4844 in
1992 4807 2041 4861 qua
2056 4810 2099 4849 mo

486 4887 579 4945 iterant
592 4886 762 4956 inspiciamus
776 4882 838 4954 qnid
848 4880 977 4937 diccbasl
991 4877 1059 4946 Quid
1079 4876 1210 4942 dicebam,
1226 4874 1267 4929 in·
1315 4869 1394 4940 jabes
1404 4870 1541 4938 ltabitare;
1555 4871 1696 4938 Delectata,
1711 4875 1807 4946 iuquit,
1820 4877 1847 4931 in
1865 4875 1985 4948 Dracina,
1995 4891 2019 4936 et
2033 4883 2102 4940 cludit

487 4980 556 5052 gnis,
569 4979 620 5034 nbi
642 4977 712 5049 quod
724 4975 818 5032 vidcsl
832 4973 893 5030 llali
914 4972 1019 5038 florent,
1036 4969 1097 5024 boni
1122 4967 1241 5023 laborant
1259 4985 1266 5022 ε
1319 4963 1363 5017 tibi
1375 4962 1505 5034 petitiones
1514 4963 1597 5020 coedit
1610 4966 1658 5019 tui.

486 5069 687 5152 modolista
710 5066 784 5123 videt
810 5063 1025 5132 Deusitlccipe,
1046 5060 1128 5114 bibe:
1144 5058 1200 5128 ipse
1222 5056 1268 5112 tibi
1354 5053 1534 5125 asignato
1554 5055 1644 5126 accipe
1666 5056 1797 5127 petitiones
1817 5057 1899 5113 cordis
1917 5061 1962 5113 tui.
1977 5060 2104 5122 bisceruc

489 5160 563 5230 barac,
575 5161 609 5216 de
621 5175 675 5232 qao
685 5159 734 5213 ista
753 5170 921 5221 murmuras,
936 5149 1091 5222 temperavit
1111 5149 1267 5220 potionem:
1320 5145 1461 5216 petitiones
1482 5144 1571 5202 cordis
1592 5147 1629 5201 toi
1649 5160 1664 5200 a
1680 5147 1850 5216 petitionibus
1868 5151 1966 5217 carnis,
1981 5152 2104 5214 discerno

490 5259 587 5307 umam
607 5265 641 5306 nc
656 5262 764 5305 recuses
782 5245 984 5303 saluberrimum
1000 5241 1141 5313 poculum;
1164 5254 1270 5294 accom-
1320 5246 1446 5308 quantum
1465 5247 1551 5308 potas.
1572 5237 1627 5293 Nec
1641 5236 1738 5293 frustra
1753 5237 1852 5294 dictum
1877 5252 1918 5296 est
1941 5242 1968 5299 ln
1990 5247 2104 5317 quodant

490 5342 563 5397 moda
576 5357 624 5411 per
640 5353 731 5395 aurem
744 5353 775 5393 os
788 5337 887 5403 cordis,
898 5345 925 5390 et
936 5333 998 5390 bibc
1010 5330 1081 5403 quod
1095 5330 1170 5386 anilis
1183 5347 1190 5385 :
1207 5328 1271 5385 Noli
1321 5327 1424 5399 psalmo
1436 5346 1444 5382 :
1459 5326 1529 5381 beas
1542 5327 1625 5382 cadit
1638 5328 1697 5381 mei.
1712 5327 1748 5382 lbi
1762 5329 1832 5384 enim
1845 5332 1965 5402 sequitur
1982 5346 2008 5391 ct
2022 5337 2104 5394 dicit:

491 5433 600 5487 mutari
609 5432 637 5486 in
646 5429 853 5502 malignantibus,
868 5441 947 5496 neque
958 5423 1084 5480 tumuleris
1094 5421 1272 5494 [ariminiad-
1323 5418 1356 5473 Et
1370 5434 1430 5489 pars
1442 5433 1498 5472 raca
1512 5416 1583 5471 bear
1596 5433 1666 5472 ntettt
1676 5417 1703 5472 in
1717 5418 1810 5473 vacula
1834 5423 1921 5491 (psal.
1946 5441 2030 5492 txxtt,
2045 5429 2103 5502 stt).

490 5527 613 5595 ῃίωιιι.
626 5523 752 5593 Quoniam
766 5533 883 5593 tartqaam
892 5522 985 5591 funum
997 5517 1046 5571 cito
1055 5523 1176 5583 marem,
1185 5524 1209 5570 et
1219 5516 1271 5569 tic·
1324 5510 1402 5565 llerbi
1416 5509 1511 5580 gratia,
1524 5522 1611 5564 cacus
1623 5516 1665 5563 est
1673 5522 1796 5581 corpore,
1807 5520 1922 5581 rogatut
1931 5515 2104 5576 illuminetur.

492 5626 517 5671 rt
530 5623 598 5672 olera
624 5616 690 5685 prati
703 5617 753 5670 cita
767 5614 866 5669 cadent.
881 5609 956 5680 Quod
968 5609 1016 5664 tibi
1030 5609 1138 5680 longum
1156 5607 1270 5673 videtur,
1323 5600 1374 5656 181²
1387 5601 1397 5636 ¹
1412 5608 1498 5670 rodel,
1522 5598 1587 5669 quta
1608 5605 1637 5655 θῑ
1659 5597 1709 5654 5⁵¹²
1730 5599 1800 5655 Deus
1822 5599 1902 5670 stell,
1921 5612 1951 5665 et
1971 5606 2021 5663 ista
2038 5609 2107 5667 [lette

492 5705 663 5763 anastase
677 5723 684 5760 :
698 5701 944 5774 subiungetelieo,
957 5698 1040 5754 ettibi
1054 5698 1178 5755 citoerit.
1195 5696 1272 5765 Quod
1439 5704 1443 5709 ’

492 5797 642 5868 tuscum,
659 5796 709 5854 boc
719 5794 891 5865 intelligimus
902 5790 971 5846 clera
983 5790 1059 5861 prati.
1073 5788 1142 5845 Vilia
1150 5788 1271 5860 quaedam
1356 5799 1364 5828 ¹
1382 5794 1475 5858 ,utiquot
1493 5800 1557 5854 ttss,
1579 5792 1688 5859 tepentia.
1710 5792 1753 5844 niti
1774 5793 1977 5858 quidamtenm,
1997 5814 2053 5852 „nm
2070 5803 2107 5855 pp.

1324 5861 1381 5916 tarn,
1392 5865 1440 5909 cte.

518 5992 569 6042 tin
581 5989 752 6050 rannerus
770 5986 811 6040 stt.
834 5985 879 6036 seo
897 5986 980 6034 veno
999 5982 1164 6040 asemona
1177 5981 1274 6032 atsto
1324 5921 1371 6044 nei.
1382 5929 1431 6029 ill
1440 5924 1642 6041 ιιῑξέῘῑιὲἶῖῗόῖἷῗζ
1663 5917 1724 5977 '⁰⁰⁰’
1736 5923 1782 5968 ⁸⁸⁸⁰
1799 5925 1874 5982 '⁰⁹⁶⁸’
1886 5920 1976 5971 Μ
1988 5959 1995 5982 ’
2007 5931 2056 5974 “l
2068 5938 2108 5977 ro

492 6063 534 6108 eat.
548 6049 786 6125 iaevangclio-quod
796 6049 904 6100 concioni
917 6046 1056 6110 medactum
1077 6045 1152 6103 tatae
1168 6056 1277 6098 commc-
1356 6042 1428 6103 (nitd
1439 6055 1499 6090 sane
1509 6041 1684 6091 conunendavlt
1701 6053 1781 6102 supra,
1797 6039 1844 6089 col.
1863 6040 1910 6089 abt
1925 6049 1950 6092 et
1965 6042 2019 6103 295,
2035 6058 2109 6103 snper

488 6126 586 6166 tazraru
595 6128 719 6180 autiernus.
1324 6103 1441 6167 psttltttttttr
1457 6103 1609 6154 assernnuc
1621 6103 1701 6161 lubitu
1711 6102 1773 6165 apud
1792 6102 1958 6166 wuagtnenn
1978 6106 2001 6154 in
2014 6106 2113 6161 basilica
