5025 6925
510 629 561 687 rsa

507 746 598 809 ltaouc
612 728 887 806 iniquitasmeudaeio
899 742 948 783 suo
966 729 1095 783 delectata
1108 737 1158 783 est.
1174 726 1238 781 Naro
1254 743 1297 781 me

510 848 562 885 uun
575 827 667 892 meruit,
681 825 723 881 cui
741 837 773 880 ex
787 820 838 875 boc
857 819 987 891 morraissa
1000 829 1041 874 cst
1055 832 1158 873 merces
1172 822 1257 887 major
1271 819 1297 872 in

509 922 596 977 ecelis.

545 1011 587 1065 it.
602 1006 677 1080 [uera.
699 1001 756 1076 lb]
769 1000 849 1058 Credo
872 1000 956 1054 uidem
974 1000 1039 1053 bono
1052 998 1165 1065 Domini,
1184 999 1211 1051 in
1231 1008 1298 1051 terra

508 1101 638 1156 uiuentium
654 1105 704 1152 :et
717 1094 842 1165 quoidam
854 1092 911 1146 luec
925 1092 997 1161 prior
1011 1105 1104 1159 passus
1114 1100 1154 1144 est
1169 1088 1297 1142 Dominus
1335 1108 1339 1114 ·

509 1206 600 1253 rnct1s;
624 1190 646 1242 si
666 1201 716 1258 ega
736 1200 842 1255 quoquc
865 1183 967 1253 linguas
989 1181 1157 1236 morientium
1179 1181 1296 1234 ¹conte·

508 1296 596 1334 irruam
614 1277 661 1345 (Os
673 1276 743 1332 crrirn
756 1275 825 1345 uuod
840 1274 965 1328 mentitur
979 1271 1074 1326 occidit
1089 1271 1203 1324 antimum
1218 1268 1296 1342 [Sap.

511 1391 528 1429 ι,
545 1372 611 1444 11]),
626 1370 700 1424 credo
722 1369 803 1422 uidere
819 1368 883 1421 bona
899 1365 1000 1420 Domini
1013 1366 1040 1420 iu
1062 1375 1129 1418 terra
1143 1363 1295 1431 uiuentium,

497 1436 552 1518 'ratri
568 1464 655 1518 arnallus
666 1472 707 1518 est
727 1460 832 1515 falsitati
848 1460 932 1513 locus.

545 1556 588 1608 11.
613 1552 687 1625 [aros.
705 1550 761 1623 ll]
780 1550 882 1605 Sustine
900 1547 1048 1611 Donnintun,
1064 1545 1168 1599 uiriliter
1187 1553 1261 1617 ape:
1275 1550 1298 1597 el

508 1650 660 1715 coarsurtetur
671 1651 802 1707 cortuum,
817 1651 840 1694 et
852 1641 946 1693 sustine
961 1637 1107 1691 Dominum.
1123 1636 1176 1691 sed
1192 1635 1298 1706 quaracla

510 1737 578 1791 istud
592 1737 660 1790 crit?
673 1734 791 1789 Arduum
806 1742 848 1788 est
869 1731 985 1797 mortali,
1003 1730 1106 1784 tardum
1121 1738 1162 1784 est
1173 1728 1272 1783 amanti
1289 1744 1296 1780 :

508 1829 628 1883 sedandi
642 1845 692 1881 ιιιιιι
707 1827 823 1881 fallacem
837 1840 928 1879 uocem
940 1824 1054 1877 dicentis
1068 1840 1075 1876 ε
1092 1822 1195 1878 Suetirae
1210 1820 1298 1876 Douri-

461 1897 466 1904 ἱ
509 1938 580 1975 um.
596 1921 690 1975 Tolera
712 1920 840 1974 ustionem
865 1931 958 1971 renum
981 1914 1103 1978 viriliter,
1125 1922 1153 1967 et
1168 1914 1298 1968 ustionem

509 2013 598 2067 cordis
615 2012 715 2066 lurtitcr
730 2030 737 2066 ε
752 2026 803 2065 non
829 2009 875 2063 tibi
891 2016 1013 2079 negatum
1037 2016 1122 2077 putes,
1137 2005 1208 2075 quod
1229 2020 1298 2059 non·

509 2104 571 2156 ιιιιιιι
586 2104 693 2173 accipis.
716 2102 754 2155 Ne
768 2100 952 2170 desperatione
966 2099 1085 2163 delicias,
1101 2098 1160 2153 aide
1181 2097 1241 2167 quala
1255 2096 1299 2150 di-

509 2207 579 2246 ctum
594 2202 655 2247 est:
672 2192 775 2247 Sustirte
788 2190 933 2243 Durninuut.

770 2318 966 2375 ENdeldTlO
985 2317 1016 2373 tl.
1096 2323 1100 2330 '

761 2467 846 2508 SERUO
864 2468 898 2506 tii
917 2466 1028 2507 muana.

546 2593 571 2645 1.
585 2590 712 2644 boiriinus
722 2589 792 2643 lleus
802 2599 893 2642 noster
904 2588 1041 2657 alloquens
1050 2596 1076 2641 et
1086 2586 1227 2641 corisolans
1238 2600 1298 2652 nos,

516 2681 635 2749 prolecto
647 2694 714 2748 quos
736 2679 842 2747 respicit
860 2693 892 2731 ex
906 2677 977 2746 justo
990 2676 1091 2745 judicio
1104 2691 1153 2731 suo
1167 2676 1300 2731 insudare

511 2774 601 2826 stultus
611 2772 692 2826 nostri
707 2785 801 2840 panem
816 2770 975 2823 naarrducare
988 2767 1063 2839 (Gerr.
1078 2784 1117 2833 ru,
1135 2768 1190 2838 19),
1206 2783 1238 2822 ιι
1252 2782 1301 2821 no·

512 2865 554 2916 1ι1ι
571 2862 648 2917 nubis
663 2861 733 2931 loqtti
744 2859 878 2931 digeratur,
893 2869 922 2913 ut
934 2859 1057 2913 ostenda
1073 2859 1133 2927 quia
1148 2873 1200 2912 nan
1213 2859 1299 2912 saltim

509 2965 550 3009 est
574 2954 695 3010 conditor
721 2962 820 3018 noster,
846 2952 893 3006 sed
918 2961 945 3006 ιι
967 2951 1109 3005 herbicolor.
1133 2950 1219 3005 Voces
1241 2951 1299 3006 iste

437 3038 439 3041 ’
510 3044 617 3109 Psalmi,
641 3058 707 3113 queis
718 3043 877 3108 audiuimus,
892 3051 919 3096 ιι
941 3057 975 3095 ex
991 3050 1065 3111 parte
1087 3042 1262 3101 cantavimus.
1275 3041 1299 3096 si

509 3137 629 3190 dicamus
643 3135 713 3205 quod
736 3144 833 3189 nostrae
856 3136 920 3199 sint,
945 3133 1090 3188 verendum
1105 3143 1147 3189 est
1168 3134 1298 3205 ammad-

509 3229 615 3282 naoalnan
641 3243 733 3281 verram
757 3227 876 3281 dicamus
898 3244 905 3278 ε
928 3235 989 3280 surii
1014 3226 1086 3280 enim
1111 3242 1190 3281 uoces
1214 3227 1298 3297 magis

431 3317 434 3324 '
508 3319 622 3387 Spiritus
636 3317 681 3370 liei
692 3333 771 3387 quam
782 3326 889 3370 nostne.
902 3316 1016 3369 llursum
1027 3316 1049 3369 si
1064 3317 1183 3371 dicimus
1194 3327 1298 3371 nostras

510 3422 644 3473 incanesco,
667 3407 784 3476 prolecto
798 3406 951 3463 mentimur.
974 3404 1031 3459 Non
1047 3406 1118 3462 enini
1131 3415 1172 3459 est
1186 3408 1299 3476 gemitus

496 3502 559 3563 ,uisi
574 3499 748 3554 [aberrantium
761 3517 767 3553 :
778 3507 823 3552 aut
835 3489 921 3552 oannis
933 3498 983 3551 ista
997 3512 1057 3560 nox,
1069 3513 1128 3567 qiam
1143 3497 1186 3552 lrie
1198 3499 1297 3563 sonuit,

510 3592 586 3661 pieria
611 3589 712 3643 doloris
733 3597 760 3642 ιι
782 3588 969 3659 lacrymarum,
994 3595 1154 3656 potestesse
1176 3588 1233 3656 ejus
1252 3588 1299 3657 quai

511 3696 643 3752 nunquam
667 3688 753 3749 potest
774 3693 833 3734 esse
854 3680 944 3732 miser.
970 3677 1097 3732 bantinus
1118 3693 1182 3748 ergo
1196 3679 1299 3733 miseri·

486 3806 488 3810 ·
510 3791 580 3839 cors,
603 3788 651 3828 rios
666 3772 755 3826 miseri
770 3790 777 3825 a
794 3771 946 3825 misericors
961 3770 1031 3839 loqari
1046 3768 1168 3838 dignatus
1183 3771 1298 3836 miseris,

510 3866 632 3934 «liguratur
642 3863 721 3916 etiam
732 3861 768 3914 nti
780 3861 805 3914 in
817 3861 881 3928 ipsis
893 3874 958 3914 voce
969 3860 1136 3914 miscrortun.
1151 3860 1187 3914 lta
1196 3871 1299 3915 atrurn·

509 3970 560 4023 ιιιιι
582 3968 674 4008 verum
694 3960 745 4017 est,
765 3961 792 4005 et
806 3959 923 4016 nostram
935 3965 996 4005 esse
1018 3965 1122 4014 tacent,
1143 3961 1170 4006 et
1183 3961 1299 4005 nostram

510 4063 562 4100 rma
577 4061 656 4108 esse3
676 4055 704 4098 et
716 4042 830 4110 Spiritus
844 4042 889 4095 bei
911 4056 971 4095 csse
986 4056 1091 4104 noceat,
1105 4050 1133 4095 et
1148 4042 1231 4110 ipsius
1244 4056 1297 4095 raon

509 4134 705 4204 assuspirans
726 4134 772 4188 1)ιί
794 4148 846 4186 vox
867 4139 919 4197 est,
935 4132 996 4202 atria
1011 4133 1061 4186 ista
1083 4132 1133 4187 nisi
1155 4131 1202 4186 illo
1217 4131 1300 4201 inspi-

511 4237 585 4281 rante
599 4241 651 4280 non
665 4225 815 4279 diceremus
829 4239 835 4276 :
850 4222 932 4292 ipsius
944 4233 1032 4277 auum
1049 4238 1100 4277 non
1115 4230 1167 4284 est,
1181 4223 1243 4292 quia
1254 4222 1299 4276 ille

511 4334 560 4372 nce
571 4319 651 4371 uiiscr
661 4326 710 4374 est.
726 4330 774 4370 nee
792 4317 902 4369 laborat.
918 4313 978 4368 istu
990 4321 1077 4368 autem
1094 4330 1172 4369 voees
1185 4315 1300 4370 urbere·

510 4426 568 4463 rum
585 4417 612 4463 et
635 4408 809 4462 laborantium
822 4415 894 4460 sunt.
911 4406 1011 4459 llnrsus
1034 4417 1132 4459 nostrae
1153 4415 1224 4472 suut,
1239 4407 1299 4476 quia

511 4514 588 4554 nriccs
602 4507 666 4552 sunt
685 4498 831 4553 indicentes
854 4496 988 4550 miseriam
1002 4506 1120 4550 nostrata
1135 4513 1142 4549 ι
1158 4497 1221 4550 item
1245 4510 1299 4550 non

510 4601 571 4646 snm
591 4599 704 4655 inostro,
720 4589 780 4658 qun
795 4602 827 4642 ex
851 4586 921 4640 dono
942 4586 1000 4655 ejus
1022 4586 1063 4640 ιι1
1085 4600 1193 4655 gcnmrc
1208 4600 1298 4641 mere·

511 4698 578 4738 ιιιιιι.

543 4777 571 4831 2.
596 4774 671 4848 [aurs.
696 4771 734 4844 1.]
759 4772 878 4826 Psalmrts
899 4773 981 4826 unuin
1002 4773 1149 4841 priusquam
1170 4770 1298 4825 liniretur.

511 4872 565 4925 lloc
578 4870 658 4924 babet
669 4867 758 4921 titulus
772 4865 889 4919 Psaltni'
905 4882 911 4917 ι
927 4862 1044 4919 Prolatus
1054 4863 1139 4917 Deraia
1151 4863 1298 4935 priusquam

510 4963 634 5024 liniretur,
650 4959 700 5014 boe
715 4967 765 5023 est,
792 4956 944 5026 priusquam
967 4965 1118 5024 ungeretur.
1142 4953 1244 5011 linctus
1257 4962 1300 5009 est

510 5055 581 5107 euim
595 5053 639 5106 ille
654 5061 682 5104 ut
695 5049 779 5119 reali
797 5047 857 5119 Rea.
873 5064 928 5113 xvi,
945 5049 1001 5115 la).
1017 5047 1050 5100 Et
1061 5048 1135 5100 solus
1148 5047 1159 5077 ⁸
1174 5056 1235 5101 tunc
1250 5061 1301 5099 un·

510 5145 620 5210 piabatur
641 5157 698 5205 rex,
723 5151 750 5194 ct
774 5138 900 5194 sacerdos
914 5157 921 5191 :
937 5138 1000 5204 duas
1023 5137 1080 5192 istae
1112 5135 1158 5190 illo
1181 5147 1303 5205 tempore

512 5245 595 5290 inuictae
615 5247 743 5304 personae.
765 5232 794 5286 ln
815 5232 916 5287 ditabus
939 5231 1059 5300 personis
1082 5229 1300 5298 praefigurabatur

543 5460 549 5488 ¹
564 5455 714 5511 editiotem,
727 5453 761 5505 ιιι
772 5466 816 5508 etto
826 5465 917 5515 quaque
927 5466 936 5502 .·
947 5451 1148 5502 dissentientibus
1158 5450 1253 5499 ceteris
1268 5448 1299 5498 li·

510 5516 569 5568 lris.
587 5523 614 5565 Et
624 5530 678 5566 nrox
694 5529 748 5564 cum
765 5515 871 5565 cdfliorm
889 5521 926 5563 Fr.
937 5514 1053 5575 babebat,
1073 5511 1166 5575 Ιιιιᾳιιιιι
1184 5511 1298 5560 menaea·

513 5581 578 5630 tuan.
590 5577 636 5626 sed
654 5578 737 5626 verius
750 5583 814 5633 tiss..
831 5575 989 5628 monaulum.
1007 5586 1055 5637 qua
1066 5586 1126 5625 voco
1137 5587 1182 5636 per.
1193 5572 1298 5621 antithe-

508 5643 556 5688 nim
575 5639 604 5687 ad
622 5636 756 5694 deumiura,
768 5649 826 5685 usus
845 5635 920 5685 luisse
940 5637 1085 5699 Augustinus
1102 5633 1244 5697 intelligitur
1267 5645 1299 5682 ex

510 5697 559 5751 illis
570 5702 653 5751 verbis
665 5713 671 5747 :
684 5709 715 5749 os
727 5697 790 5747 araim
800 5697 864 5759 qrtod
875 5703 986 5746 ιιιιιιιιιιιι
997 5695 1085 5747 uuae
1096 5696 1209 5746 ωιίιιιιιιι.

546 5764 595 5810 ¹ln
619 5761 675 5810 [dd.
697 5761 801 5809 deerant
821 5758 873 5807 irae
893 5758 980 5815 verba,
1001 5758 1037 5807 tel
1056 5770 1151 5819 potura
1168 5767 1299 5823 utere-mur.

513 5823 622 5876 emtum
643 5820 718 5871 baud
741 5819 879 5883 pritrsuuam
899 5817 1023 5868 'lnnrr‘tum
1051 5827 1100 5867 doc
1123 5817 1191 5867 lubet
1218 5815 1300 5867 titulus

511 5884 601 5939 nutus
616 5897 624 5934 :
636 5896 691 5946 quae
703 5882 814 5931 uudeeim
823 5887 875 5929 uss
886 5882 1027 5928 auctoritate
1038 5882 1206 5929 restituuntur.

545 5947 602 5995 8ιίι
611 5947 682 5994 tatic.
695 5944 787 6000 codex,
802 5949 828 5991 et
844 5944 952 6003 utrinque
962 5940 1041 5988 Gallie.
1057 5947 1110 5988 uss.
1123 5939 1178 5988 edu.
1191 5950 1250 5986 sero
1263 5937 1300 5986 ie·

514 6007 615 6057 reliam:
632 6011 760 6056 conamen
772 6003 835 6053 orba
845 6002 886 6055 ilie
902 6009 927 6051 ut
946 6014 991 6052 res
1002 6009 1025 6051 et
1041 6002 1160 6051 mucrone
1177 6007 1238 6049 narn
1256 6014 1300 6050 un·

514 6070 620 6137 aalma,
630 6076 678 6119 esc

1102 616 1131 673 s
1151 614 1332 673 adcusanti
1353 618 1502 679 uatscoet
1560 680 1563 687 ,

2086 628 2142 683 ξῦι

1350 736 1453 790 latiturus
1468 754 1534 793 ιιιιιιι
1547 721 1602 795 ἰιι
1617 750 1643 795 ιι
1657 740 1791 807 sacerdus,
1807 751 1919 812 utroque
1938 750 2050 797 munere
2070 758 2142 795 uuus

1348 828 1479 896 Christus,
1493 839 1521 887 et
1536 832 1595 888 ideo
1610 832 1732 887 Chrisurs
1752 848 1769 888 a
1788 831 1940 888 chrismate.
1965 832 2022 889 Non
2045 832 2136 887 solnm

1347 927 1435 971 nartem
1450 931 1527 987 eaput
1542 931 1660 977 nostrum
1674 933 1779 977 unctum
1795 932 1846 989 est,
1869 922 1915 978 sed
1932 932 1958 976 et
1968 937 2065 993 corpus
2080 922 2140 993 citis

1349 1023 1396 1060 rios
1410 1008 1436 1077 ip
1451 1010 1469 1062 1.
1485 1008 1541 1063 nu
1555 1019 1642 1065 nartem
1656 1021 1706 1077 est,
1722 1013 1782 1081 quia
1804 1028 1852 1067 nos
1866 1014 1932 1082 regit
1944 1022 1971 1069 et
1983 1012 2079 1082 ducit,
2095 1028 2139 1069 ιιι-

1347 1098 1514 1170 cerdos,quia
1537 1116 1584 1171 pro
1604 1102 1680 1157 nobis
1702 1103 1851 1172 interpellat
1867 1102 1961 1174 (Rana.
1974 1102 2130 1174 attulisti}
2181 1083 2192 1104 ⁸

1349 1189 1456 1262 quidem
1484 1192 1560 1247 solus
1594 1194 1639 1248 ille
1663 1184 1787 1249 sacerdos
1815 1197 1873 1249 calis
1902 1196 2003 1260 extitit,
2034 1205 2062 1251 nt
2083 1199 2142 1266 ipse

1348 1289 1419 1335 essct
1439 1282 1519 1337 etiam
1535 1284 1702 1340 sacrificium.
1725 1286 1888 1340 Sacrificium
1904 1270 1998 1342 obtulit
2019 1288 2074 1342 lieo
2087 1302 2141 1342 non

1347 1372 1419 1427 allud
1438 1390 1516 1445 quiam
1532 1376 1658 1445 seipsum.
1681 1377 1738 1431 Non
1760 1379 1830 1432 enim
1847 1381 1978 1434 inveniret
2001 1389 2142 1449 prutersc

1349 1466 1548 1522 mundissimam
1570 1470 1725 1525 rationalem
1749 1472 1892 1536 siclinium,
1916 1460 2141 1544 lanquumaguue

1349 1556 1531 1613 intarraculatus
1554 1559 1611 1614 lusu
1634 1563 1762 1631 sangnine
1776 1578 1824 1617 siro
1846 1566 1978 1621 redfrucns
1998 1584 2058 1632 nos,
2072 1583 2141 1624 cau·

1348 1661 1492 1718 corporans
1504 1665 1552 1704 rios
1565 1650 1625 1717 sibi,
1641 1651 1739 1708 iaciens
1753 1668 1800 1708 nos
1813 1655 1929 1710 membra
1941 1672 1999 1719 sua,
2012 1666 2041 1713 ut
2050 1659 2078 1713 in
2093 1660 2140 1717 illo

1348 1748 1377 1791 ιι
1396 1753 1445 1793 nos
1459 1738 1578 1796 Christus
1598 1756 1728 1799 essemus.
1744 1744 1806 1800 ldeo
1820 1745 1853 1800 ad
1866 1761 1958 1801 onrncs
1973 1746 2143 1806 Christianos

1350 1827 1464 1895 pertinet
1485 1830 1573 1885 urretlo
1589 1849 1597 1886 ι
1613 1833 1745 1901 prioribus
1759 1845 1846 1889 autem
1863 1836 1963 1892 i'cteris
1975 1836 2142 1894 Testarueuti

1349 1920 1512 1987 temporibus
1534 1921 1566 1977 ad
1587 1922 1653 1979 duas
1665 1925 1736 1979 solas
1758 1941 1885 1995 personas
1899 1929 2059 1997 pertinebat.
2079 1921 2144 1988 liade

1349 2018 1438 2065 autem
1457 2021 1565 2081 apparet
1584 2011 1681 2070 Christi
1696 2030 1792 2086 corpus
1815 2033 1862 2072 nos
1876 2034 1946 2084 esse,
1960 2020 2022 2089 ouria
2044 2036 2143 2077 ornares

1349 2099 1471 2169 ungimur
1485 2117 1491 2153 :
1506 2110 1532 2155 ιι
1544 2117 1635 2158 ornares
1655 2103 1681 2158 in
1704 2104 1750 2157 illo
1764 2114 1791 2160 ιι
1803 2105 1899 2162 Christi
1914 2118 1940 2163 et
1953 2109 2077 2166 Christrrs
2097 2126 2144 2165 sn-

1269 2220 1277 2227 ·
1350 2203 1419 2254 ruiis,
1433 2191 1493 2261 uaria
1508 2192 1703 2259 qrrmiammodo
1718 2203 1788 2251 totus
1808 2196 1929 2252 Christus
1945 2208 2024 2268 eaput
2037 2211 2067 2255 et
2080 2215 2144 2257 car·

1349 2295 1399 2350 pus
1412 2290 1462 2335 est.
1476 2280 1571 2337 Unctio
1593 2284 1642 2347 ista
1658 2285 1775 2354 perficiet
1797 2302 1845 2342 nos
1857 2287 2031 2357 spiritualiter
2044 2290 2073 2345 in
2098 2292 2144 2347 ilia

1348 2369 1413 2435 uita,
1427 2387 1486 2440 qnae
1497 2371 1572 2426 nobis
1586 2374 1755 2447 promittitur.
1770 2374 1817 2431 Est
1829 2387 1916 2432 auteur
1930 2377 1988 2434 haec
2003 2395 2055 2433 vox
2069 2380 2146 2437 desi-
2180 2435 2184 2442 .

1349 2460 1466 2515 durantis
1490 2462 1561 2517 illam
1586 2464 1739 2530 vim1113est
1757 2481 1807 2521 vox
1828 2468 1949 2537 quaedam
1964 2469 2146 2527 desiderantis

1349 2553 1459 2621 gratiam
1480 2553 1538 2617 lici,
1561 2569 1619 2624 quire
1634 2556 1659 2609 in
1682 2555 1759 2611 nobis
1781 2558 1807 2612 in
1824 2558 1875 2613 ime
1891 2559 2042 2629 perficietur
2059 2564 2145 2617 siden

1349 2642 1448 2697 dictruu
1463 2653 1513 2708 cst,
1531 2642 1682 2715 Priusquam
1694 2647 1816 2702 liniretur.
1832 2647 1960 2720 Ungimnr
1973 2652 2045 2707 euim
2061 2654 2145 2707 irrodo

1350 2737 1376 2787 in
1392 2746 1567 2800 sacramento,
1579 2746 1605 2791 ct
1619 2734 1785 2793 sacramento
1799 2740 1856 2810 ipso
1868 2745 2051 2813 praetiguratur
2063 2746 2146 2814 quaid-

1350 2824 1412 2878 dam
1426 2822 1496 2894 qarod
1511 2825 1589 2880 lutari
1603 2843 1704 2883 sumus
1721 2828 1754 2884 Et
1768 2831 1831 2885 illud
1847 2834 1935 2887 nescio
1946 2835 2008 2905 quid
2024 2835 2145 2892 iuturunr

1350 2916 1483 2972 iuellabile
1501 2918 1653 2975 desiderare
1666 2920 1803 2988 debenms,
1824 2931 1850 2977 ιι
1872 2924 1898 2977 iu
1913 2937 2081 2981 sacramento
2094 2944 2144 2997 gc·

1350 3022 1437 3073 mere,
1453 3016 1482 3062 ut
1502 3006 1528 3065 in
1543 3024 1574 3063 ea
1589 3025 1618 3065 re
1638 3010 1871 3083 gaudeamusque
1885 3025 2054 3072 sacramento
2070 3034 2144 3089 piru·

1350 3108 1522 3155 monstratur.

1385 3213 1412 3268 3.
1425 3212 1493 3269 Ecce
1507 3214 1568 3285 quid
1583 3215 1648 3271 dicit
1661 3236 1670 3271 ι
1681 3217 1805 3273 Dominus
1814 3221 1966 3276 illuurbmtia
1980 3239 2046 3290 aneo,
2062 3234 2086 3278 el
2098 3242 2147 3279 su-

1350 3305 1440 3361 iuturie
1452 3323 1531 3369 meua,
1542 3325 1614 3378 quem
1624 3308 1734 3364 tintebo?
1746 3312 1789 3365 illu
1804 3329 1846 3366 ιιιι
1860 3313 2001 3379 illuminat,
2014 3317 2148 3373 recedant

1351 3398 1485 3464 terreum
1502 3397 1545 3451 ille
1556 3413 1599 3453 ιιιι
1608 3400 1701 3466 salvat,
1714 3403 1818 3456 recedat
1831 3403 1986 3472 iulirmitas;
2000 3406 2146 3466 ambulans

1350 3489 1376 3542 iu
1392 3491 1489 3545 lumine
1503 3491 1605 3558 lirmus,
1619 3508 1697 3562 quern
1716 3495 1834 3550 timebo?
1846 3495 1903 3550 Neu
1914 3497 1984 3552 enim
2000 3499 2081 3562 taletn
2096 3516 2146 3556 sa-

1350 3580 1430 3634 lutem
1441 3580 1486 3636 dat
1499 3582 1577 3649 licus,
1592 3600 1650 3653 quae
1664 3585 1697 3639 ab
1710 3586 1798 3656 aliquo
1813 3589 1895 3657 possit
1909 3591 2061 3660 extorqueri
2073 3609 2081 3657 ;
2096 3605 2145 3649 aut

1351 3673 1402 3725 tale
1415 3672 1502 3727 lutiren
1511 3681 1562 3736 est,
1571 3674 1642 3743 quod
1652 3675 1686 3729 ab
1700 3677 1787 3746 :aliquio
1797 3681 1879 3747 possit
1891 3680 2071 3736 obtenebrari.
2089 3684 2145 3738 llo·

1352 3765 1439 3816 minus
1451 3764 1610 3831 illuminans,
1626 3781 1674 3821 nus
1693 3768 1830 3829 illuminati
1843 3788 1850 3835 ;
1875 3772 2000 3828 bilarinus
2015 3774 2143 3839 miraris,

1352 3870 1400 3910 uos
1410 3857 1503 3911 salvati
1515 3875 1521 3910 :
1533 3859 1555 3912 si
1568 3873 1632 3928 crgo
1644 3859 1688 3913 111ι
1700 3859 1862 3922 illuminans.
1879 3878 1927 3916 nos
1941 3862 2083 3920 illuminati
2095 3883 2103 3929 ;
2117 3878 2146 3922 et

1352 3948 1396 4002 ille
1410 3948 1525 4013 salvans,
1542 3963 1590 4003 nos
1610 3951 1719 4016 salvati;
1743 3961 1839 4021 prater
1854 3949 1939 4023 ipsum
1960 3971 2009 4011 uos
2023 3959 2145 4013 tenebrae

1352 4051 1378 4094 et
1391 4040 1539 4096 iulirmitas.
1553 4041 1686 4097 llabcntes
1702 4048 1827 4098 antemio
1842 4046 1899 4115 ipso
1912 4060 1985 4116 spem
1999 4060 2102 4103 certam
2116 4061 2145 4106 et

1353 4132 1431 4186 lixam
1444 4143 1470 4186 et
1486 4147 1680 4202 verumtanem
1696 4134 1867 4190 timelrimusl
1889 4137 2017 4193 Dominus
2039 4140 2143 4195 illumi·

1352 4223 1490 4289 amiotus,
1507 4223 1632 4278 Doruiuus
1653 4226 1776 4280 salutaris
1801 4236 1869 4282 trram.
1893 4228 1983 4283 invem
2006 4235 2142 4300 potentin·
2184 4272 2188 4278 .

1352 4325 1419 4384 ruent,
1430 4326 1457 4373 ιι
1469 4318 1541 4373 time.
1557 4318 1596 4372 Ad
1609 4320 1818 4388 potentissimum
1830 4323 1959 4386 ominium,
1971 4323 2003 4377 ad
2018 4327 2143 4396 ararnipo·

1353 4418 1462 4478 teritern,
1477 4411 1516 4465 sic
1536 4411 1666 4482 pertineo,
1689 4421 1717 4468 ut
1734 4420 1762 4468 et
1780 4414 1910 4469 illuminet
1932 4431 1985 4480 ιιιι,
2008 4427 2036 4471 ιι
2057 4419 2144 4474 salvet

1352 4518 1405 4569 ιιιι,
1426 4518 1476 4559 nec
1490 4504 1570 4558 timeo
1588 4505 1700 4574 aliquem
1716 4515 1811 4574 praeter
1831 4506 1926 4576 ipsum.
1945 4507 2069 4564 bantinus
2081 4529 2143 4581 pro

1353 4601 1429 4649 tector
1442 4594 1499 4648 uita
1512 4610 1584 4661 nure,
1597 4611 1612 4648 o
1625 4612 1675 4673 quo
1689 4597 1840 4668 trepidabo?

1387 4706 1414 4761 1.
1430 4705 1502 4779 [uere
1519 4705 1559 4780 a]
1572 4706 1640 4762 nom
1655 4712 1858 4779 appropinquant
1870 4729 1946 4781 super
1958 4729 1998 4767 ore
2011 4727 2140 4778 nocenter,

1352 4804 1378 4848 ut
1390 4796 1465 4850 edunt
1477 4813 1565 4850 carnes
1578 4815 1644 4852 mena
1659 4801 1720 4870 :otti
1731 4800 1851 4856 tribulent
1860 4819 1901 4856 nte
1911 4805 2007 4858 inimici
2020 4808 2079 4872 mei,
2091 4809 2142 4877 ipsi

1352 4885 1472 4954 brfirnruti
1491 4897 1558 4952 errat,
1581 4897 1603 4940 et
1617 4889 1769 4942 cecideruut.
1787 4890 1874 4961 ltaque
1893 4894 2014 4962 egumia
2029 4896 2139 4962 unum,

1352 4986 1397 5030 aut
1410 4992 1486 5047 quem
1501 4978 1617 5032 timebo?
1631 4995 1680 5049 ego
1693 4995 1771 5048 qinom
1782 4982 1928 5051 trepidabo,
1950 4995 1997 5039 aut
2008 4987 2071 5055 ataid
2087 4998 2142 5044 tre-

1353 5067 1468 5136 pidabo?
1480 5067 1531 5133 Qui
1548 5084 1590 5122 nae
1605 5084 1806 5139 per-seqrumaur,
1831 5074 1880 5141 ipsi
1901 5074 2075 5141 infirmantur,
2090 5080 2140 5148 ipsi

1351 5158 1456 5213 cadtrnt.
1474 5158 1560 5226 Quare
1573 5169 1660 5214 autom
1682 5165 1894 5232 persequuntur?
1910 5165 1943 5218 llt
1964 5166 2040 5220 edant
2053 5185 2142 5224 carries

1352 5265 1429 5303 ιιιιιι.
1445 5249 1509 5318 Qum
1524 5259 1585 5304 sum
1596 5266 1690 5305 carries
1704 5268 1769 5305 meu
1780 5254 1790 5306 ’ἓ
1803 5254 1928 5311 Carnales
1948 5257 2059 5315 affectus
2076 5264 2140 5316 rani.

1353 5339 1468 5394 saviam
1488 5342 1679 5411 persequendo,
1694 5343 1758 5397 nihil
1775 5347 1800 5400 in
1814 5362 1857 5401 me
1875 5350 1988 5406 pruritur
2001 5352 2053 5406 nisi
2069 5369 2142 5408 rnor-

1354 5432 1415 5487 tnle.
1430 5432 1487 5486 Erit
1499 5433 1525 5486 iu
1539 5449 1581 5488 me
1589 5434 1694 5504 aliquid,
1709 5451 1761 5506 quur
1775 5450 1927 5506 persecutor
1942 5446 2141 5510 pervenirenon

1354 5525 1447 5595 possit,
1467 5525 1510 5578 ubi
1534 5525 1633 5580 halritat
1647 5527 1655 5558 ¹
1670 5528 1739 5582 Deus
1760 5546 1844 5586 uaeris.
1867 5533 2023 5591 liamlueent
2046 5551 2142 5593 errares

1354 5630 1427 5669 meas
1444 5631 1449 5666 :
1466 5615 1546 5669 linitis
1559 5617 1683 5672 carnibus
1697 5619 1803 5689 spiritus
1820 5638 1875 5681 ero.
1890 5636 1917 5679 et
1930 5625 2087 5694 spiritualis.
2110 5631 2141 5685 El

1354 5708 1459 5774 uiridem
1468 5717 1567 5762 tantam
1579 5710 1689 5765 salutem
1703 5713 1765 5766 milri
1780 5716 1906 5783 proruittit
1916 5718 2045 5774 liumirms
2054 5735 2141 5783 ιιιιιις.

1355 5800 1473 5855 ucetiam
1496 5800 1575 5855 niodo
1589 5801 1637 5855 ista
1658 5815 1720 5858 carn
1734 5806 1862 5875 morulis,
1883 5822 1942 5878 qum
1956 5810 2063 5867 uidetur
2083 5827 2143 5876 nem

1387 6063 1394 6092 ¹
1414 6064 1618 6122 pergrinaturus.
1632 6070 1694 6124 uss,
1705 6059 1839 6117 intutum
