5025 6925
474 690 526 750 lib

473 782 534 860 fraus
550 821 556 857 ι
574 801 664 857 Ennitte
679 788 759 851 liccem
770 778 846 845 'tntoiu
869 797 892 842 et
913 783 1038 841 teutatem
1055 789 1135 834 tuoni.
1152 775 1198 830 llla
1215 773 1260 828 lux

476 897 580 953 octtlum
595 890 682 947 cordis
704 884 831 954 inorririt:
851 879 923 935 lleoti
945 877 1029 938 eninr,
1056 871 1158 941 inqrtit,
1174 866 1262 920 burnendi

476 989 560 1052 tarde,
572 983 687 1057 questioni
697 978 746 1048 ipsi
757 977 837 1030 Druna
845 973 959 1028 videbunt
970 965 1072 1038 (ttonn.
1081 979 1109 1028 r,
1122 962 1139 1018 8
1150 961 1171 1031 l.
1185 957 1262 1013 bludo

436 1096 445 1138 t
478 1084 504 1136 in
518 1086 606 1135 monte
620 1074 678 1140 ejus
691 1084 793 1129 sumus,
805 1066 830 1121 id
841 1074 882 1119 est
894 1064 920 1116 in
931 1058 1048 1115 Ecclesia
1062 1055 1129 1125 ejus,
1145 1061 1170 1106 et
1184 1052 1209 1104 in
1222 1058 1262 1102 ta·

478 1170 622 1229 herunculo
636 1166 703 1234 ejus.
718 1156 927 1217 Taberoaculum
954 1146 1176 1223 peregrinantium
1202 1151 1262 1203 nst,

479 1268 574 1321 domus
596 1256 802 1315 cobabitantinm
820 1269 826 1304 ι
841 1258 882 1303 est
896 1255 922 1302 et
936 1240 1133 1299 tabernaculum
1149 1234 1264 1305 peregri·

481 1355 599 1411 nantium
625 1344 844 1405 et'milltautium.
859 1340 924 1394 Cum
947 1334 1022 1389 audis
1046 1324 1263 1384 tabernaculum,

481 1448 579 1504 bellum
605 1442 739 1510 intellige,
763 1437 865 1491 bostem
887 1446 961 1484 care.
985 1428 1084 1483 bornus
1104 1420 1192 1475 atrum
1206 1428 1265 1485 qrrae

482 1540 533 1597 crit
545 1538 576 1591 ¹?
590 1532 717 1602 dicationi
736 1529 847 1583 linbitdnt
861 1525 887 1577 in
901 1522 976 1575 donno
990 1528 1052 1576 trio,
1072 1515 1099 1567 iu
1112 1510 1205 1566 iocata
1218 1522 1266 1561 εω-

483 1630 596 1685 culorum
607 1624 746 1680 laudabunt
759 1620 803 1689 te(
819 1615 889 1670 Psoi.
900 1625 1015 1673 cxxxiii,
1028 1606 1076 1678 5).
1130 1685 1138 1702 ἐ
1242 1689 1246 1696 Ι

518 1721 544 1775 5.
559 1717 632 1791 [uera.
645 1712 684 1787 b]
696 1712 754 1768 iam
768 1723 832 1779 ergo
844 1703 961 1777 perducti
971 1701 1003 1754 ad
1017 1692 1225 1794 tabernaculum,
1237 1698 1266 1744 et

484 1811 562 1881 positi
586 1808 612 1861 in
634 1814 725 1859 monte
739 1809 831 1856 saneto
845 1796 919 1867 ajars,
934 1806 1013 1863 quarn
1032 1801 1107 1858 spem
1127 1780 1267 1856 gerimus?

487 1902 518 1956 lit
530 1899 637 1955 introibo
648 1896 681 1949 oei
699 1896 778 1947 ottone
792 1888 849 1943 Dei.
863 1886 912 1941 Est
925 1884 995 1938 enim
1009 1877 1141 1949 quoddam
1154 1873 1267 1929 sublime

484 1995 568 2057 altare
581 1987 729 2049 invisibile,
743 1996 796 2054 qino
809 1995 861 2034 nou
883 1975 985 2031 accedit
1006 1971 1130 2039 injustus.
1149 1964 1189 2020 bd
1204 1962 1266 2017 illud

484 2082 623 2139 altoreille
636 2077 709 2132 solus
723 2072 834 2136 aceedit,
847 2068 891 2139 otri
904 2066 937 2120 ad
950 2063 1018 2118 istud
1029 2071 1138 2116 securus
1147 2054 1265 2111 accolit:

486 2176 539 2231 illic
553 2172 667 2228 inueniet
680 2168 760 2223 ritum
774 2177 859 2226 suarn,
873 2158 917 2230 oiri
927 2157 952 2209 iu
966 2156 1016 2208 isto
1025 2149 1150 2206 discernit
1162 2159 1267 2201 eausam

486 2282 571 2322 strant.
593 2264 624 2317 bt
646 2259 752 2315 introibo
775 2255 809 2308 od
828 2253 907 2307 altore
928 2247 998 2300 oet.-
1017 2230 1158 2318 de⁸moptc
1178 2239 1269 2290 sbnrtto

486 2360 553 2428 ejus,
566 2367 593 2411 et
606 2354 639 2408 de
651 2346 819 2406 tabernaculo
829 2336 897 2412 ejus,
911 2339 945 2393 de
957 2344 1046 2391 stricta
1060 2330 1177 2387 Ecclesia
1192 2327 1269 2391 cius,

488 2449 602 2505 introibo
619 2444 652 2499 ad
672 2443 754 2496 altare
771 2437 818 2492 Dei
831 2426 1051 2496 sublinrc.·Qualo
1064 2424 1099 2478 ibi
1112 2417 1270 2475 sacriticium

488 2541 546 2594 est?
568 2539 625 2607 lpse
639 2535 683 2605 qui
697 2534 794 2592 intrat,
810 2525 953 2580 assumitur
975 2520 1002 2573 in
1015 2518 1206 2571 holocaustum.
1226 2505 1272 2560 ln-

489 2631 568 2686 troibo
589 2628 623 2681 oei
647 2626 726 2679 altore
747 2620 804 2675 ttet.
819 2615 886 2684 Quid
902 2624 942 2668 εει
963 2608 1032 2681 qttod
1047 2606 1126 2670 dicit,
1139 2602 1173 2658 od
1192 2599 1273 2653 citare

492 2722 538 2775 oet
546 2722 558 2773 ?
570 2718 609 2773 ba
624 2716 704 2770 Dotem
717 2712 760 2783 qui
779 2693 891 2776 letificet
905 2702 1058 2771 iuuentutem
1072 2712 1161 2749 tineent.
1176 2692 1273 2747 Jttretr·

491 2826 532 2870 tus
546 2812 687 2868 rioritatem
699 2788 828 2877 signitieat
843 2818 849 2853 :
866 2809 988 2866 tamqnam
1003 2791 1103 2846 diceret
1114 2829 1123 2867 ,
1136 2784 1175 2839 nd
1190 2784 1272 2837 ileum

489 2905 534 2977 qtti
561 2902 676 2957 loetillurt
698 2893 840 2950 novitatem
862 2882 958 2944 meatu.
983 2880 1110 2938 betttrcat
1130 2877 1273 2970 nouitatem

491 3013 590 3059 niteam,
613 2992 658 3064 oui
683 2980 850 3045 contristarit
870 2986 1028 3035 vetustatem
1054 2986 1151 3027 meam.
1179 2966 1274 3022 incedo

490 3092 560 3146 enim
571 3085 649 3142 morlo
663 3082 744 3137 tristis
754 3080 780 3133 in
791 3082 931 3133 retrumte,
948 3079 1009 3123 trine
1019 3074 1107 3119 autem
1121 3060 1197 3116 stabo
1209 3074 1275 3128 gau-

491 3184 556 3239 tlcns
569 3182 594 3235 in
607 3178 732 3232 novitate.
743 3161 886 3235 Cortpi'tebor
904 3162 948 3216 tibi
958 3161 983 3214 in
994 3159 1104 3221 citiroro,
1116 3152 1192 3214 Deua,
1208 3150 1276 3203 litus

491 3290 570 3328 aeteus.
586 3266 654 3338 Quid
670 3273 710 3320 est
726 3253 751 3316 in
772 3259 872 3314 citlrora
896 3251 1036 3312 conliteri.
1059 3255 1087 3302 ct
1109 3246 1136 3299 itt
1152 3240 1276 3313 psalterio

491 3358 634 3417 eontiteril
648 3353 707 3409 Nem
722 3351 792 3404 enirn
814 3359 921 3413 setnpct
931 3342 959 3395 in
972 3338 1092 3397 cithara,
1111 3347 1160 3389 nee
1172 3343 1278 3398 semper

1078 658 1113 724 s.
1133 654 1315 720 rocosum
1335 655 1483 715 oerscont
1572 610 1577 616 ’

1313 771 1410 838 geliunt
1421 786 1450 828 sc
1462 786 1513 827 nco
1526 770 1559 828 ab
1574 772 1722 829 bominibus
1736 790 1819 844 uentre
1831 790 1878 845 per
1891 775 2000 831 lrttrniue

1314 876 1361 931 per
1373 860 1462 939 iesum
1477 861 1609 918 Christum
1625 867 1760 936 accepisse
1776 865 1879 921 dicebat
1893 868 1964 937 (Get.
1983 883 1992 923 r

1313 954 1426 1037 desuper
1439 958 1567 1016 sonabant
1576 960 1682 1014 cborde
1694 978 1700 1013 :
1715 976 1775 1015 curn
1783 976 1848 1014 uerri
1860 946 1982 1025 dicebat.
1994 965 2000 1015 t

1314 1062 1370 1100 ntur
1383 1049 1409 1101 in
1422 1044 1641 1120 tribulationibus',·
1659 1054 1762 1106 scientes
1781 1054 1840 1123 quio
1858 1054 1987 1109 tribuiotio

1316 1141 1376 1191 timu
1397 1150 1534 1208 oporatur,
1556 1144 1675 1213 patientia
1689 1145 1876 1214 probationem,
1901 1146 2000 1203 orobeti

1317 1226 1436 1299 (tionem
1446 1231 1463 1286 ὅ
1474 1241 1498 1287 et
1508 1232 1547 1304 lp
1563 1234 1662 1288 citbara
1675 1227 2000 1309 sonabateu‘iulorioreqr

1306 1322 1363 1402 ‘sed
1377 1331 1462 1380 tameo
1474 1325 1594 1381 dulciter.
1614 1327 1707 1383 Otirnis
1727 1331 1798 1383 euim
1818 1331 1940 1398 panentu
1957 1330 2000 1385 dol

1318 1414 1381 1470 beo.
1397 1416 1424 1473 Si
1439 1427 1526 1473 nutem
1541 1420 1566 1473 iu
1582 1420 1646 1488 ipsis
1666 1420 2000 1485 tribulationibus'desecari

1317 1506 1418 1562 tboram
1443 1509 1551 1580 fregisti.
1573 1512 1660 1579 Quare
1680 1527 1743 1581 ergo
1765 1514 1843 1567 modo
1856 1515 1920 1568 dixit
1937 1532 1945 1569 t
1960 1513 2000 1572 Co,

1317 1598 1361 1651 tibi
1375 1599 1400 1652 in
1414 1600 1533 1655 citiore?
1551 1602 1663 1671 Propter
1683 1602 1745 1675 illud
1766 1609 1834 1674 qarob
1850 1607 1952 1661 dixerat
1977 1623 1985 1659 τ

1317 1691 1395 1747 tristia
1406 1694 1503 1774 incedo,
1513 1694 1574 1747 dont
1583 1696 1669 1767 affligit
1680 1713 1718 1752 nte
1728 1693 1857 1753 irtinricoa?
1867 1690 2000 1754 Pallebu'tu

1318 1783 1487 1852 qrtiddnnr'ex
1503 1781 1627 1841 inferiore
1641 1787 1783 1844 aillictione
1794 1799 1842 1854 ,ct
1856 1793 1881 1844 in
1896 1808 1928 1845 eo
1947 1792 2000 1861 ipso

1318 1878 1424 1933 volebat
1436 1877 1540 1955 plaopre
1555 1880 1625 1947 Deo,
1640 1890 1667 1936 et
1679 1884 1776 1951 gratias
1794 1885 1924 1953 gestiebat
1935 1870 2000 1955 ager

1320 1969 1394 2024 tortis
1413 1970 1670 2039 intribulationibns
1694 1986 1747 2028 :et
1772 1976 1832 2043 qrria
1855 1978 1913 2049 sine
1934 1975 2000 2031 tnib'n

1320 2076 1378 2116 esse
1392 2077 1442 2115 uon
1456 2072 1575 2130 poterat,
1591 2066 1739 2133 patientiam
1754 2059 1808 2122 Deo
1822 2067 1949 2135 debebat,
1963 2067 2000 2126 Gn

1321 2149 1364 2207 titt
1375 2155 1401 2207 in
1414 2154 1521 2220 citltoro,
1536 2154 1616 2222 Deus,
1629 2155 1696 2212 Deua
1708 2168 1802 2228 titum..

1356 2244 1381 2299 o.
1395 2241 1469 2320 [aere.
1485 2242 1524 2317 5.]
1540 2245 1573 2299 Ει
1585 2261 1676 2300 rursus
1688 2241 1721 2301 ad
1734 2250 1846 2303 animam
1861 2239 1952 2314 suam,
1967 2259 1999 2307 itt

1322 2334 1417 2390 leririre
1431 2337 1476 2391 illo
1488 2321 1585 2391 sorroro
1597 2326 1669 2408 ligno
1682 2342 1767 2409 capiat
1779 2356 1871 2395 sonum
1894 2361 1901 2396 :
1923 2342 2001 2411 thui

1322 2443 1361 2484 ea.
1378 2427 1479 2496 inqiut,
1493 2431 1578 2483 ottinto
1590 2448 1653 2493 titt‘tt,
1666 2442 1689 2484 ct
1699 2433 1788 2500 rttqteid
1800 2436 1932 2489 conturbos
1945 2437 2000 2491 tuci

1321 2517 1499 2573 irritationibus
1514 2536 1582 2583 soni,
1592 2521 1618 2575 ln
1633 2523 1799 2590 languoribus
1813 2529 1832 2589 ¹,
1843 2525 1869 2578 in
1883 2527 2000 2582 ntoeroril

1324 2611 1385 2678 ninid
1399 2628 1442 2668 ore
1455 2613 1614 2677 conturbas,
1631 2630 1646 2668 o
1662 2616 1766 2669 anirnal
1780 2617 1844 2683 Quis
1862 2618 1948 2673 dietat
1962 2621 2000 2674 cu'

1323 2693 1425 2760 norma
1437 2705 1516 2770 dicit,
1531 2720 1623 2761 ornnes
1639 2708 1773 2773 riotimus;
1789 2709 1895 2777 planum
1914 2719 1955 2765 est
1966 2727 2000 2766 eu

1326 2799 1395 2852 illam
1406 2798 1521 2855 directos
1534 2811 1573 2856 est
1586 2818 1683 2857 sermo.
1698 2803 1792 2874 [liquid
1804 2808 1883 2860 tristis
1894 2824 1929 2871 oa,
1938 2808 2000 2862 auin

1325 2902 1348 2945 et
1368 2890 1456 2961 utquid
1478 2882 1612 2947 conturbos
1634 2895 1694 2948 nee?
1706 2895 1836 2961 eraeritnr
1859 2898 2000 2967 personui

1322 2980 1455 3052 Numquid
1469 2987 1531 3037 caro
1544 2984 1638 3037 anirrtte
1653 2986 1785 3055 loqtritor,
1802 3001 1861 3042 eurn
1875 2992 1937 3043 caio
1951 2990 2000 3045 sim

1322 3063 1378 3129 ¹non
1400 3074 1537 3145 loqrtator'l
1558 3076 1694 3147 Proprium
1712 3080 1781 3133 euim
1801 3082 1883 3149 nangis
1900 3093 1960 3150 est,
1984 3099 2000 3144 o

1323 3182 1433 3223 carnem
1443 3166 1600 3239 attoqimur,
1614 3185 1692 3239 ornam
1709 3169 2000 3242 ritraro'attoqoatora

1322 3254 1381 3315 'Sed
1404 3258 1530 3329 quianon
1548 3259 1629 3321 dixit.
1644 3260 1730 3327 Quare
1754 3264 1834 3317 tristis
1848 3281 1886 3324 es.
1901 3281 1965 3321 curo
1975 3281 2000 3322 m

1328 3341 1469 3420 altapetra
1482 3353 1559 3407 tristis
1568 3370 1604 3419 es,
1619 3344 1784 3410 animantes?
1795 3350 1833 3426 (Si
1845 3358 1914 3412 ittiru
1926 3372 2000 3416 catrttt

492 3458 519 3511 in
533 3450 666 3523 psalterio.
689 3447 746 3499 tino
768 3442 824 3495 ttae
834 3450 932 3505 organa
952 3425 1223 3487 mu'sieomm'ltabeut
1238 3422 1279 3477 in·
1320 3451 1469 3513 mergur,
1487 3443 1597 3501 swas,e
1612 3462 1662 3501 non
1675 3447 1791 3506 dicem:
1804 3450 1888 3514 Qetore
1899 3452 2000 3508 mmm

493 3556 533 3601 ter
555 3558 584 3596 se
604 3540 754 3594 distinctam
776 3527 969 3595 discretamque
994 3522 1144 3584 rationem,
1159 3515 1277 3584 'dignam

493 3633 705 3694 consideratione
726 3635 752 3680 et
770 3607 998 3680 commendatione
1012 3609 1157 3667 memoriae.
1169 3607 1279 3664 Utrum·

494 3744 545 3801 otto
566 3727 616 3780 broc
637 3718 758 3777 manibus
771 3725 891 3785 portatur
904 3719 931 3765 ει
945 3707 1079 3776 tangitur,
1102 3711 1130 3758 et
1150 3698 1279 3770 significat

472 3832 474 3837 ’
494 3834 575 3890 opera
585 3814 705 3886 quandam
713 3817 809 3862 nostra
823 3800 982 3873 corporalia.
994 3795 1146 3862 ‘Utrumque
1160 3790 1277 3854 bonnam,

495 3913 518 3968 si
532 3911 592 3980 orris
606 3907 675 3961 trorit
687 3896 801 3973 psallere
810 3940 823 3968 ,Ι
834 3897 856 3950 si
869 3894 928 3963 quis
946 3891 1015 3945 norit
1036 3885 1204 3947 eitltarieare.
1227 3881 1279 3937 Sed

496 4006 557 4075 ouria
577 3998 731 4071 psalterium
745 3990 814 4047 istud
835 4001 962 4058 argaitum
976 3982 1089 4045 dicitur,
1102 3976 1173 4048 ouod
1186 3976 1219 4030 de
1233 3990 1280 4046 su·

496 4096 602 4168 perime
615 4100 688 4167 pape
708 4078 787 4140 lrnbet
798 4079 973 4135 testudinem:
988 4072 1052 4128 illud
1066 4071 1167 4126 scilieet
1185 4077 1283 4139 tytnpa·
1310 4079 1394 4148 “Non
1409 4104 1472 4159 ergo
1491 4090 1578 4142 anima
1592 4090 1734 4160 anoqmwr
1748 4107 1853 4146 carnem
1867 4111 1874 4159 ἱ
1889 4094 1950 4162 qma
1965 4109 2000 4150 no

496 4202 559 4242 ntrm
570 4194 596 4238 et
610 4192 754 4237 corneorum
768 4175 866 4243 lignum
879 4168 920 4224 eui
934 4164 1039 4221 ebordae
1049 4161 1192 4215 innitentes
1200 4172 1283 4237 reso·
1319 4172 1324 4180 ·

497 4286 562 4332 narrt
577 4293 583 4328 ε
596 4273 695 4328 citbara
708 4283 772 4322 cero
785 4265 896 4332 idipsum
908 4260 1005 4328 lignum
1017 4268 1111 4309 earum
1121 4259 1147 4305 ει
1157 4264 1281 4303 sonorum

499 4383 530 4421 et
547 4363 669 4418 triferium
682 4369 756 4428 patto
772 4355 850 4408 liulut
864 4371 870 4405 ε
887 4346 1059 4404 discernenda
1072 4351 1132 4396 sum
1144 4355 1223 4408 oracta
1234 4355 1284 4392 no·

500 4467 565 4517 strar,
577 4451 680 4519 <parando
691 4451 716 4502 in
731 4444 855 4515 psalterio
865 4442 928 4504 sint,
940 4436 1044 4508 (giraudo
1054 4435 1079 4488 itt
1088 4432 1198 4495 cilliam,
1211 4438 1284 4482 utru-

500 4564 552 4618 que
564 4554 650 4597 bnnen
666 4541 759 4610 placita
774 4538 827 4589 lieo
842 4544 868 4587 ot
880 4533 968 4586 suario
982 4528 1038 4596 ejus
1050 4523 1160 4579 auditui.
1175 4520 1285 4588 Quando
1318 4536 1328 4562 *ι

501 4654 564 4708 ergo
577 4651 609 4690 ex
620 4629 758 4703 preceptis
771 4627 818 4680 Dei
832 4623 928 4692 aliquid
940 4621 1042 4689 agimus
1051 4659 1061 4694 ,Δ
1072 4615 1152 4685 prussis
1164 4613 1221 4682 ejus
1235 4612 1286 4666 ol>-
1321 4641 1326 4648 -

502 4733 680 4798 temperantes
703 4730 730 4774 et
752 4715 922 4769 obaudientes
947 4712 980 4764 ad
1002 4706 1134 4788 irprrlendn
1157 4712 1286 4773 praecepta
1323 4719 1329 4731 ⁶

502 4823 570 4891 ejus;
583 4818 627 4873 ubi
641 4813 750 4868 iacintus
763 4822 790 4862 et
803 4824 855 4861 non
870 4805 992 4872 pminmr,
1008 4799 1159 4869 psalterium
1172 4805 1221 4849 est.
1238 4794 1288 4847 Fa-

503 4915 577 4968 ciutri
590 4908 659 4963 cuitu
675 4905 751 4958 itaet
765 4897 855 4967 bngeti
870 4913 876 4949 :
890 4910 943 4947 uon
952 4894 1022 4947 enim
1035 4889 1132 4958 ailiqrtirl
1145 4887 1287 4955 paniuutur.

504 5004 570 5058 Cum
585 5009 672 5054 attletu
686 4991 782 5062 alitpttid
799 4989 911 5059 patiretur
926 4983 1140 5043 inundationum,
1166 4976 1290 5031 tentatio·
1306 5005 1329 5028 ,ι

507 5111 587 5157 araim,
607 5086 790 5146 scandalorum
813 5081 838 5134 in
861 5078 909 5130 bae
931 5084 1017 5136 terra;
1036 5076 1097 5139 qirin
1112 5083 1163 5122 trun
1178 5067 1291 5135 patintur

507 5186 555 5239 nisi
576 5199 610 5239 cx
630 5179 754 5235 interiore
774 5182 864 5243 parte,
885 5167 965 5222 idest
986 5180 1017 5218 ex
1036 5157 1152 5230 eoquod
1168 5157 1291 5211 intortales

508 5290 616 5339 sireniis,
631 5288 663 5326 ex
678 5286 711 5324 eo
732 5265 802 5337 quiid
826 5262 918 5332 primae
940 5266 1038 5312 nostrae
1059 5265 1146 5306 cause
1168 5248 1290 5319 qrriddanr
1333 5285 1334 5289 ,

509 5371 705 5428 trilutlat'tonurn
718 5364 844 5419 debemus
858 5360 887 5423 ³,
902 5366 928 5411 ει
943 5353 1005 5423 quta
1025 5348 1139 5420 patimur
1152 5346 1234 5399 multa
1260 5343 1292 5394 ab
1345 5379 1371 5431 in
1386 5378 1586 5442 mutationibus,
1603 5395 1671 5448 ψη
1685 5382 1710 5434 m
1726 5381 1869 5436 laboribus.
1886 5382 2000 5451 Erigne

509 5463 597 5531 eisqui
610 5477 662 5514 nrm
671 5466 732 5512 sarrit
742 5456 866 5521 desuper,
876 5447 974 5502 eitltarn
986 5452 1036 5497 est.
1047 5437 1200 5493 Vettltcnim
1213 5449 1293 5488 sontis

510 5557 598 5610 stratis
615 5568 646 5606 ex
669 5550 791 5602 iniuriose
805 5554 878 5612 planete
894 5557 901 5592 ε
919 5539 1034 5607 patimur.
1046 5544 1071 5587 ει
1085 5531 1235 5600 psallimus,
1253 5528 1293 5579 rel
1322 5554 1324 5560 ·

511 5642 597 5717 potuis
620 5651 756 5696 cantamus
780 5644 808 5689 ct
830 5633 1025 5687 eitbarizamus.
1055 5617 1165 5690 erirndo
1190 5621 1296 5675 dicebat
1356 5644 1358 5646 v

513 5733 653 5803 Aprrstolns
665 5725 845 5796 erarrgettzare
858 5739 904 5783 sc,
918 5731 945 5774 et
964 5718 1107 5787 prutdicare
1125 5713 1294 5781 Eratrgulinm
1360 5726 1369 5741 ²

513 5836 568 5882 toto
577 5824 640 5880 orbe
653 5831 782 5874 terrarum
795 5831 827 5868 ex
843 5820 974 5882 grrmcepto
990 5807 1049 5871 ttae
1064 5806 1125 5876 qrria
1135 5803 1198 5859 ilbnl
1211 5804 1296 5857 Eran-

544 6003 552 6032 ¹
570 5999 634 6057 libb,
647 5997 731 6046 dortrtts
739 5997 818 6040 tttttr‘ttt
829 5989 859 6037 do
870 6001 916 6048 orto
928 5982 1000 6037 niati,
1010 5980 1083 6052 beuti,
1093 5988 1140 6032 otc.
1154 5988 1180 6030 ιι
1189 5980 1297 6043 plerique

515 6073 577 6118 uas,
591 6059 647 6122 otenel
659 6055 713 6107 crit.
726 6056 816 6102 uotiua.
833 6049 919 6108 codex,
933 6057 986 6110 rprtu'
998 6051 1051 6094 ctat.

545 6128 554 6156 ¹
571 6134 677 6185 imitation
689 6125 752 6180 uss..
764 6114 869 6165 debetur.

1323 3536 1415 3606 'erare
1426 3539 1521 3595 doles?
1531 3540 1611 3595 Dolor
1622 3543 1691 3598 euim
1703 3544 1797 3598 animae
1812 3547 1914 3600 tristitia
1925 3546 1999 3601 dieite

1322 3630 1405 3685 lestia
1420 3645 1484 3687 nero
1496 3648 1554 3701 qnia
1574 3633 1602 3687 bt
1617 3634 1643 3689 in
1663 3649 1774 3706 corporo
1786 3637 1862 3692 dolor
1875 3638 1927 3693 diei
1949 3649 2000 3710 pote

1321 3711 1400 3775 'stitia
1414 3736 1465 3775 non
1486 3733 1580 3794 potest.
1601 3717 1652 3779 Sed
1672 3741 1704 3780 cx
1721 3726 1814 3781 dolore
1826 3730 1947 3797 eorporis
1963 3730 2000 3798 pit

1322 3798 1417 3864 ¹'auium
1440 3807 1620 3868 contristatur.
1645 3812 1757 3870 interest
1782 3827 1868 3871 tamen
1891 3819 2000 3888 qtriddo

1322 3901 1584 3971 'orridcontristeton
1601 3905 1675 3960 llolet
1685 3907 1756 3961 enim
1769 3923 1845 3971 caro,
1862 3908 1944 3964 tristis
1958 3918 2000 3966 cst

1332 4004 1358 4050 et
1370 4005 1460 4065 aperta
1483 3996 1531 4051 ista
1544 4013 1593 4051 vox
1604 4008 1661 4064 cst,
1680 3998 1775 4069 thuid
1786 4001 1863 4055 tristia
1874 4009 1913 4067 ts,
1925 4000 2000 4056 onitu

1324 4180 1430 4251 vUtouid
1446 4182 1527 4237 tristis
1542 4198 1581 4247 es,
1596 4198 1658 4237 earo
1672 4184 1752 4238 ntea?
1766 4200 1898 4251 neccaro,
1912 4187 2000 4242 anima

1324 4274 1477 4329 'alrsrrrdum
1488 4286 1526 4330 est
1542 4286 1571 4330 ut
1585 4276 1693 4330 interior
1705 4276 1853 4348 alliaquatur
1861 4279 2000 4349 superiore

1336 4369 1505 4440 intelligimus
1520 4369 1615 4425 {retbere
1631 4387 1678 4427 nos
1701 4373 1800 4441 aliquid
1823 4374 1867 4428 nbi
1889 4375 2000 4444 iningol

1336 4471 1450 4515 mentem
1466 4461 1565 4515 seilicet
1577 4471 1655 4532 atque
1670 4463 1808 4519 rationem.
1826 4464 1882 4534 lpsn
1894 4480 1971 4521 meus
1983 4464 2000 4520 it

1337 4551 1422 4606 lucem
1438 4553 1482 4608 ilci
1498 4561 1525 4607 ct
1539 4554 1673 4608 ueritatem
1686 4555 1742 4610 Dei.
1757 4556 1814 4626 lpsa
1830 4568 1870 4611 est
1883 4572 1932 4626 qua
1948 4572 2000 4628 cap

1338 4654 1408 4699 stum
1426 4655 1452 4699 et
1473 4644 1615 4714 injustunr;
1632 4648 1686 4715 ipsa
1700 4659 1740 4702 εει
1752 4664 1803 4718 qim
1816 4649 1994 4706 discernimus

1338 4734 1415 4795 talem
1428 4736 1483 4805 ipsa
1496 4745 1537 4790 est
1550 4753 1607 4806 que
1624 4750 1731 4792 rocntru
1745 4740 1909 4804 intellectus,
1923 4755 1977 4809 quo
1991 4740 2000 4797 l

1340 4839 1426 4882 catrcnt
1444 4828 1532 4883 bustim
1544 4846 1551 4893 ;
1568 4846 1646 4900 quem
1660 4832 1820 4885 intellectum
1833 4833 1951 4902 quisquis
1962 4833 1990 4888 itt

1340 4921 1391 4987 git,
1406 4931 1432 4976 et
1445 4923 1577 4997 postponit
1596 4924 1717 4988 caeteris,
1731 4935 1758 4979 et
1775 4926 1809 4978 ita
1822 4925 1912 4994 abjicit
1925 4925 2000 4995 epitasi

1341 5011 1411 5074 beat,
1422 5012 1494 5066 arrdit
1503 5029 1536 5068 ex
1548 5016 1648 5084 psalmo
1661 5035 1666 5068 :
1680 5015 1765 5069 Nolite
1776 5033 1830 5070 ease
1841 5018 1903 5070 sieut
1911 5028 1990 5086 egem

1340 5102 1429 5175 ontibus
1442 5123 1491 5159 uou
1507 5118 1542 5160 ert
1562 5108 1797 5177 intellectualium.
1822 5126 1907 5175 xxxa,
1923 5109 1963 5177 9).
1978 5110 2000 5165 Ιι

1343 5194 1405 5266 engo
1415 5198 1772 5266 ratistcralloquiturarrianam
1784 5210 1909 5253 nostram.
1922 5200 1972 5254 tsta
1986 5200 2000 5254 it

1344 5287 1459 5341 tionilrus
1472 5289 1585 5341 nra‘reida
1608 5299 1663 5350 est,
1677 5289 1746 5344 less-a
1763 5291 1787 5344 iu
1806 5290 1948 5360 angoribus
1960 5291 1981 5357 ³,
1996 5311 2000 5342 i

1346 5469 1460 5537 desuper
1473 5470 1579 5538 capiens
1592 5471 1744 5534 veritatem,
1760 5479 1786 5525 et
1804 5472 1867 5526 dicit
1884 5471 1978 5542 tltqrnrt
1998 5509 2000 5524 .

1346 5563 1430 5616 onitno
1451 5579 1522 5626 tneo,
1539 5571 1561 5615 et
1576 5565 1662 5631 utquid
1676 5564 1809 5619 conturbos
1828 5565 1886 5619 nte?

1383 5659 1413 5725 t,
1427 5652 1518 5712 l'idete
1536 5657 1559 5711 si
1573 5673 1625 5711 non
1639 5669 1679 5712 est
1693 5659 1740 5713 ista
1765 5658 1889 5714 allocutio
1904 5659 1930 5712 in
1946 5657 1994 5714 ttto

1349 5744 1485 5821 apostoli,
1501 5750 1525 5803 in
1539 5764 1567 5803 sc
1582 5751 1774 5818 riraetrgutuntis
1791 5751 1936 5820 qttosdant,
1952 5749 2000 5804 etl

1350 5853 1376 5897 ει
1388 5842 1518 5906 dicentis,
1533 5837 1694 5894 condelector
1708 5842 1756 5911 legi
1777 5841 1822 5894 lle-i
1840 5840 1977 5895 uccericium
1993 5841 2000 5897 ι’

1280 5935 1284 5941 ’
1353 5936 1494 5994 tattonem,
1516 5935 1586 5987 uideo
1599 5943 1681 5987 otttetn
1695 5936 1772 5987 ulium
1790 5932 1868 6005 legent
1889 5935 1914 5989 t'tt
1927 5935 2000 5988 metttl

1383 6039 1392 6060 ¹
1410 6014 1573 6088 nliouotltss,
1584 6023 1718 6086 eruentibus.

1384 6097 1393 6122 ²
1408 6097 1460 6138 uss
1473 6088 1589 6146 uounutii,
1604 6086 1760 6143 lrtrtnuoribtu.
