5025 6925
439 698 488 756 att

441 813 558 883 Accipit,
572 821 599 867 ει
611 826 663 865 noo
680 808 781 864 reddet.
793 806 860 875 Quid
879 824 931 864 non
951 807 1058 863 reddet?
1069 807 1219 864 Gratiarum

440 907 579 963 actionem.
592 902 660 969 Qtrid
674 902 745 956 enim
758 917 773 957 a
788 910 813 956 te
832 901 888 957 rull
905 901 994 968 neus,
1007 910 1052 955 aut
1066 901 1127 969 quaid
1141 901 1221 969 exigit

441 997 526 1060 nean,
540 994 589 1050 nist
601 993 672 1063 quod
685 993 731 1049 utri
747 993 868 1063 prunit¹i
884 993 917 1048 Ει
929 1003 1025 1064 qttatrta
1043 993 1144 1063 acecpit
1158 1007 1220 1061 pec·

438 1094 527 1149 calor,
541 1099 588 1152 pro
598 1082 693 1151 «auibus
706 1099 758 1144 non
771 1083 872 1138 solvet?
883 1083 990 1152 Accepit
1008 1093 1037 1137 ut
1051 1083 1104 1148 sit,
1119 1082 1221 1152 accepit

439 1183 468 1228 m
482 1174 561 1229 homi»
569 1176 613 1240 sit,
625 1175 789 1243 multumque
801 1174 905 1228 iruersit
916 1173 1079 1242 interipsum
1091 1183 1116 1228 et
1128 1187 1219 1242 paeon

438 1265 541 1334 accepit
553 1263 675 1335 corporis
695 1264 826 1340 turmam,
841 1263 942 1333 accepit
956 1264 983 1318 in
998 1279 1110 1334 corpore
1128 1265 1221 1319 distin·

438 1354 554 1410 ctionem
576 1369 700 1410 sensuum
712 1394 721 1419 ,
735 1354 922 1415 adridendum
935 1341 1045 1418 oculos,
1062 1353 1096 1409 ad
1108 1353 1221 1410 audieu-

438 1447 501 1501 durn
525 1462 622 1511 aures,
645 1445 679 1501 ad
701 1445 864 1501 odorandum
888 1462 985 1512 nares,
1008 1447 1040 1501 ad
1064 1447 1220 1517 gostauduru

441 1538 568 1606 palatum,
583 1538 616 1593 ad
631 1537 848 1598 contrmtaodum
863 1553 974 1604 marrus,
988 1538 1021 1593 ad
1035 1538 1221 1593 aornulaudom

443 1627 535 1697 pedes,
547 1628 712 1702 salutemque
725 1630 808 1697 ipsam
822 1629 952 1696 corporis.
968 1627 1021 1684 Sed
1033 1628 1119 1684 adnue
1133 1630 1181 1684 ista
1195 1637 1223 1684 et

440 1734 501 1778 curu
515 1734 611 1788 pttctrrc
624 1718 751 1778 hamanus
763 1718 912 1776 comnmoia
925 1736 932 1771 :
944 1719 1045 1788 accepit
1064 1718 1142 1773 etism
1163 1733 1222 1773 am·

442 1809 520 1876 plius,
536 1807 562 1862 id
577 1817 618 1863 εει
631 1816 746 1866 noenum
758 1823 817 1879 quae
830 1809 911 1878 possit
924 1808 1150 1879 intelligeremus·
1161 1823 1223 1877 pos·

441 1900 475 1956 m
493 1914 588 1969 capere
603 1900 827 1970 veritatemque
848 1900 929 1970 possit
949 1899 1049 1970 justum
1069 1901 1103 1955 alt
1126 1901 1224 1972 injusto

441 1987 607 2052 discernere,
622 2004 680 2058 que
694 1989 776 2057 possit
797 1989 937 2059 indagare,
951 1989 1104 2045 desiderare
1115 1990 1224 2045 Creato-

443 2093 499 2135 rem
509 2119 518 2143 ,
530 2075 637 2134 laudare
651 2088 679 2133 et
693 2079 821 2144 irrlrarere
837 2079 884 2132 itti.
905 2080 966 2134 llaec
983 2080 1069 2135 omnia
1084 2080 1185 2150 accepit
1197 2091 1224 2136 et

444 2157 576 2238 pec'tntor,
591 2168 638 2228 scd
653 2185 706 2232 oon
720 2170 787 2224 irene
801 2169 913 2226 nitendo
928 2186 979 2226 usru
997 2170 1083 2226 reddit
1096 2172 1165 2239 quod
1177 2171 1223 2228 dc·

443 2258 497 2318 bet.
510 2258 580 2330 Ergo
591 2262 720 2331 {conetur
734 2272 856 2327 peccator,
869 2272 892 2315 ct
906 2278 956 2318 nort
968 2263 1055 2328 sotuet,
1066 2277 1118 2318 nou
1131 2263 1224 2320 reddet

443 2349 467 2405 ci
481 2365 496 2408 a
508 2365 561 2420 utto
574 2350 695 2421 accepit,
709 2366 761 2406 nou
776 2361 836 2422 aget
847 2352 945 2422 gratias
959 2369 965 2405 :
981 2352 1034 2406 iuro
1048 2367 1112 2409 rere
1127 2369 1225 2422 repen·

443 2442 489 2498 det
501 2442 569 2511 nrala
584 2457 632 2512 pro
645 2442 739 2507 bouis,
756 2443 948 2512 blasphemias,
964 2460 1084 2499 rrrrumur
1097 2444 1224 2502 adversus

443 2533 536 2598 Deum,
551 2532 766 2603 indignationem.
780 2534 850 2606 Ergo
864 2536 907 2590 illc
921 2539 1060 2607 feneratur,
1074 2545 1097 2590 et
1110 2553 1159 2590 non
1173 2536 1226 2591 sols

442 2633 481 2681 ιιι
495 2622 599 2700 tjnstm
619 2634 703 2680 entem
725 2625 863 2690 reiteretur,
884 2636 908 2679 et
928 2625 1080 2687 comorodet.
1100 2625 1146 2681 ttte
1159 2642 1225 2697 emo

444 2712 509 2778 pilril
523 2712 620 2780 habet,
635 2713 684 2772 istc
698 2713 787 2778 lmltet.
802 2713 893 2774 tiuare
907 2726 1069 2784 egestatem,
1084 2715 1172 2771 videte
1184 2716 1225 2771 di·

445 2805 530 2864 vitias.
547 2802 593 2860 llle
603 2804 716 2876 accipit,
735 2815 762 2861 et
776 2821 828 2862 uon
842 2807 947 2861 solvet:
963 2807 1012 2862 iste
1032 2808 1184 2870 miseretur,
1198 2816 1226 2864 ει

443 2895 613 2964 emittentium
627 2895 743 2962 abundat
762 2898 810 2951 illi.
822 2896 889 2970 florid
904 2898 925 2953 si
949 2913 1048 2968 pauper
1065 2900 1124 2955 est?
1140 2899 1224 2954 Etiam

443 2986 481 3044 sic
492 2986 565 3046 diros
576 2998 626 3042 est.
638 2985 679 3050 Tu
693 2998 792 3051 tamum
805 2987 839 3042 ad
852 2987 960 3046 divitias
978 2988 1035 3058 ejus
1059 2989 1116 3057 pios
1134 2989 1226 3046 oculos

445 3075 561 3144 intende.
575 3076 694 3147 Respicis
706 3077 778 3136 euim
797 3093 885 3135 arcam
899 3079 1022 3147 inaurem,
1038 3079 1225 3134 conscientiam

446 3165 500 3229 Dee
514 3167 619 3238 plenam
638 3182 694 3233 uon
711 3168 830 3237 respicis.
843 3166 901 3228 Non
917 3166 1170 3224 trahetextrloseeus
1187 3167 1226 3224 la·
1250 3223 1254 3230 ,

443 3256 579 3329 cultatem,
596 3257 642 3314 sed
657 3258 736 3321 habet
750 3258 908 3316 intrinsecus
926 3258 1092 3318 claritatem.
1108 3261 1145 3315 tle
1164 3257 1227 3316 elra-

446 3352 523 3417 ritate
536 3359 632 3420 tparapta
646 3360 746 3422 erogat,
761 3360 788 3405 et
801 3367 854 3404 uon
867 3349 972 3415 linitur!
988 3348 1094 3414 Etenim
1108 3351 1131 3404 si
1147 3351 1226 3405 lrabet

445 3441 509 3498 tots
521 3442 682 3508 laenitatem,
692 3441 737 3498 dat
749 3440 805 3512 ipsa
817 3440 998 3506 castrinsem
1010 3454 1043 3497 ex
1055 3456 1088 3496 eo
1098 3440 1167 3512 quaed
1180 3443 1227 3495 tra·

446 3538 509 3598 net:
524 3534 548 3599 si
558 3545 646 3601 autern
659 3550 711 3597 nou
722 3533 820 3588 invenit
834 3531 897 3588 ioris
908 3531 978 3602 quod
988 3532 1042 3596 det,
1052 3531 1098 3587 dat
1111 3533 1226 3597 benero-

448 3624 564 3692 lentiae,
574 3623 834 3695 praestatcousilium,
841 3623 863 3677 si
872 3632 966 3692 potest;
977 3622 1226 3697 prascrtauxilium,

443 3717 469 3801 pi
484 3716 632 3787 potestzad
644 3725 792 3778 estretuum
812 3715 834 3768 si
856 3729 906 3769 nec
926 3713 1038 3769 consilio
1060 3729 1109 3768 uec
1129 3713 1227 3768 attritio

447 3808 572 3881 adiuvare
586 3816 690 3878 potest.
704 3806 744 3861 vel
760 3814 820 3867 voto
833 3805 958 3875 adjuraret,
973 3804 1013 3858 rel
1026 3813 1085 3860 rarat
1098 3819 1145 3873 pro
1163 3819 1227 3858 coo,

369 3926 374 3937 =
444 3885 584 3960 trilmlato.
603 3908 631 3953 et
653 3897 721 3953 lortc
741 3896 823 3966 magis
843 3895 900 3965 ipse
920 3893 1062 3949 exaauditur
1084 3909 1162 3963 qulam
1181 3895 1226 3963 md

445 3992 554 4062 prrrripit
567 4006 671 4060 panem.
684 3989 767 4043 liabet
780 4001 885 4056 semper
899 3985 969 4040 urrdc
987 3984 1049 4047 det,
1062 3983 1105 4039 cui
1121 3984 1225 4052 plepem

444 4094 535 4153 peetus
548 4092 591 4139 est
601 4081 747 4147 clamitatis.
761 4077 817 4150 lpsa
830 4087 870 4135 est
882 4075 1009 4140 clrarlms,
1022 4089 1081 4145 quta
1094 4074 1189 4128 dieitur
1200 4083 1228 4128 et

444 4175 564 4238 rrrlumas
577 4174 655 4227 horta.
668 4171 732 4233 Plus
745 4186 760 4223 a
775 4180 800 4223 te
815 4168 885 4223 Deras
900 4183 951 4221 ooo
964 4165 1056 4235 exigit,
1067 4180 1145 4235 quam
1155 4163 1226 4235 quod

445 4265 490 4324 tilli
513 4264 584 4326 imus
605 4262 686 4326 dedit.
700 4260 801 4317 Vocare
823 4260 894 4325 enirn
919 4274 972 4312 non
997 4265 1084 4326 potest
1105 4257 1227 4313 voluntas

444 4358 522 4427 notra.
536 4355 593 4423 Non
608 4355 677 4420 euim
688 4353 789 4417 habeus
802 4352 962 4407 uoluntatem
976 4349 1082 4412 borram,
1093 4348 1142 4405 etsi
1154 4364 1227 4402 outo·

445 4460 504 4505 tuus
518 4444 562 4500 tilri
577 4444 703 4512 supersit,
719 4460 771 4498 nott
785 4442 898 4513 porrigis
915 4439 1021 4510 pauperi
1035 4457 1041 4492 :
1055 4438 1104 4509 ipsi
1118 4439 1186 4497 iuter
1197 4453 1227 4495 sc

444 4551 573 4611 pauperes
590 4546 715 4605 prestant
734 4535 784 4589 sibi
806 4535 840 4588 de
857 4533 991 4595 rolrrmate
1005 4532 1082 4594 notra,
1099 4546 1151 4585 noo
1166 4538 1227 4585 smu

445 4631 513 4700 iuter
531 4642 561 4681 se
584 4625 747 4680 infructuosi.
768 4623 849 4685 Vides
870 4639 968 4688 meatu
989 4620 1049 4680 dauci
1070 4618 1225 4682 evidente:

443 4721 503 4790 qrria
517 4731 639 4787 rrunuoos
653 4731 706 4771 aton
718 4714 808 4775 harbuit
818 4729 883 4783 quos
893 4713 968 4769 daret
979 4726 1062 4784 egeris
1071 4712 1092 4777 ¹,
1106 4724 1225 4765 comario·

443 4811 514 4879 ‹larit
527 4809 619 4876 oculos
634 4823 685 4863 raon
706 4805 822 4861 trabeati.
843 4802 918 4866 Unde
939 4803 991 4866 hoc
1010 4803 1106 4861 lactum
1124 4808 1183 4863 est,
1198 4807 1227 4863 ut

444 4903 560 4969 rueorbra
572 4915 620 4964 sua
632 4896 812 4963 commodaret
825 4894 850 4950 ei
861 4895 907 4965 qui
928 4908 979 4948 ooo
999 4893 1087 4952 uallet.
1103 4891 1153 4946 nisi
1166 4892 1226 4959 quia

445 4996 515 5061 lutus
535 4993 620 5047 iuerat
641 4989 761 5045 rotenus
779 4985 860 5049 bona,
876 4983 1014 5037 thesaurus
1026 4980 1185 5052 pauperum?
1197 4979 1226 5043 ln

444 5098 496 5150 mm
510 5082 634 5139 tlresmro
646 5077 798 5141 dulcissima
818 5075 942 5147 requies,
966 5082 993 5137 et
1013 5087 1073 5127 reru
1088 5070 1224 5136 securitas.

445 5172 483 5227 ,ιιι
497 5171 582 5244 ipsum
595 5169 768 5225 amittendum
784 5181 833 5221 uec
845 5167 913 5220 latro
926 5163 1084 5228 admittitur,
1098 5178 1147 5223 nec
1160 5177 1226 5222 raau-

445 5261 557 5331 tragion
576 5261 710 5318 metuitur.
732 5258 826 5315 Serrat
847 5270 937 5321 secum
958 5253 1028 5324 qrarad
1047 5253 1117 5308 irrttts
1136 5252 1224 5318 lrabet,

444 5351 528 5420 raudus
539 5352 643 5411 eradit,
664 5360 691 5406 et
705 5351 797 5421 plenus
807 5359 857 5402 est.
872 5346 962 5412 iustus
974 5361 1038 5414 ergo
1050 5345 1187 5409 miseretur,
1202 5354 1226 5412 et

443 5440 594 5509 commodet.

477 5533 521 5586 ll.
536 5527 616 5603 [neri
630 5526 693 5601 522]
711 5528 835 5595 Quoniam
852 5525 1020 5580 benedicentes
1033 5540 1106 5589 eum,
1120 5523 1225 5588 incredi-

443 5630 492 5681 tnte
506 5617 665 5690 possidebunt
679 5628 770 5683 terrem
782 5633 791 5670 .·
804 5617 872 5671 sicut
891 5616 927 5688 (e)
944 5616 1016 5683 illum
1036 5615 1148 5684 justunr,
1164 5629 1226 5668 εει-ε

373 5728 379 5740 ·
448 5712 531 5776 serlum
542 5711 641 5778 justum
652 5718 679 5763 ct
688 5708 886 5778 justificantem,
898 5706 942 5775 qut
956 5715 984 5760 ct
995 5721 1095 5777 pauper
1107 5705 1150 5760 trie
1163 5705 1224 5775 luit,

446 5811 471 5860 et
485 5801 591 5857 diuitias
610 5815 717 5871 magnas
728 5798 837 5863 attulit,
853 5798 948 5867 quibus
960 5797 1058 5865 iaceret
1072 5797 1167 5852 dirius
1179 5813 1226 5867 eps

473 5958 482 5988 t
500 5953 567 6014 nid,
578 5953 703 6023 arentiam
715 5954 797 6004 emtus
806 5950 897 6015 aliquot
906 5956 970 6010 ttss,
982 5945 1066 6015 prosit.

473 6020 714 6147 'adimo

1064 695 1092 752 S.
1113 694 1292 753 tudusttn't
1311 694 1460 754 utttscot‘t

2002 697 2058 752 ΒΝ

1273 824 1339 875 oratos
1353 810 1452 866 inuenit
1466 825 1602 880 pauperos.
1615 809 1673 881 ipsc
1686 820 1725 867 εει
1736 811 1806 867 enim
1821 811 1864 880 epti
1878 811 1978 879 Spirno
1990 825 2057 864 sats·
2072 788 2078 808 ⁸

1273 911 1315 953 cto
1337 901 1432 958 «lieren
1454 902 1532 957 corda
1557 917 1718 972 pauperum,
1739 911 1767 956 ct
1785 902 1930 960 exinanitas
1948 900 2060 956 araturas

1273 990 1423 1043 eonmeodo
1436 1001 1560 1060 peccata,
1577 992 1694 1062 iruplcvit
1707 992 1842 1062 opulentia
1860 992 1989 1062 justitiae:
2008 989 2059 1059 qui

1274 1082 1356 1150 potuit
1377 1082 1484 1137 divitem
1506 1083 1592 1139 iacere
1616 1085 1790 1154 piscatorem,
1806 1083 1963 1139 dimittendo
1988 1081 2058 1138 retia

1273 1185 1330 1234 sua,
1343 1171 1413 1241 uttod
1427 1171 1538 1226 latrator
1551 1182 1777 1238 couteruoeotem,
1789 1172 1859 1242 quod
1871 1188 1922 1226 oou
1937 1170 2059 1226 taatrennu

1274 1261 1435 1318 lratrricutcm
1452 1262 1462 1333 (
1470 1262 1562 1316 Mettis.
1575 1280 1609 1327 tv,
1625 1263 1679 1332 ld).
1692 1263 1797 1318 lulirma
1810 1263 1880 1317 cuim
1896 1261 1988 1318 muudi
2001 1261 2059 1316 eie·

1273 1355 1310 1422 git
1325 1354 1411 1418 deus,
1427 1366 1455 1408 ut
1468 1354 1641 1413 confuuderet
1655 1356 1730 1410 lortia
1745 1354 1765 1426 (l
1775 1353 1834 1410 Cor.
1845 1370 1864 1419 t,
1878 1353 1935 1425 il).
1954 1353 1988 1408 lit
2001 1367 2057 1408 nott

1273 1442 1306 1497 de
1318 1455 1423 1498 oratore
1438 1445 1615 1514 piscatorem,
1633 1446 1679 1499 sed
1693 1446 1726 1500 dc
1738 1447 1867 1513 piscrnrre
1881 1445 2000 1500 lucratus
2013 1453 2058 1500 est

1273 1544 1416 1598 oratorem,
1440 1535 1474 1589 de
1496 1536 1627 1605 piscatore
1650 1536 1766 1592 lucratus
1787 1545 1827 1589 est
1845 1533 2059 1598 senatoremdc

1274 1626 1403 1695 piscatore
1419 1627 1533 1682 lucratus
1543 1639 1584 1683 est
1595 1629 1791 1698 imperatorem.
1809 1626 1933 1694 Quendam
1953 1623 2060 1696 demd-

1273 1726 1353 1776 centes
1370 1734 1436 1782 enm,
1453 1718 1610 1787 possidebant
1629 1731 1719 1772 turona
1734 1719 1985 1774 troereditatescrunt
1997 1714 2060 1785 eius

1273 1807 1443 1875 coheredes,
1456 1809 1481 1863 in
1497 1817 1566 1863 terra
1580 1809 1623 1863 illa
1638 1809 1779 1864 virentium
1792 1850 1799 1875 ,
1813 1808 1846 1863 de
1856 1823 1908 1876 uua
1917 1808 2018 1864 dicitur
2030 1807 2059 1870 in

1273 1898 1326 1953 alio
1339 1901 1440 1969 psalmo
1454 1919 1461 1956 ε
1475 1901 1689 1971 sparamese,
1702 1901 1783 1970 portio
1796 1901 1884 1955 namin
1894 1909 1962 1961 terre
1972 1900 2060 1954 sinm-

1274 1990 1335 2042 tinto
1348 1989 1357 2060 (
1368 1990 1437 2044 Psoi.
1448 2006 1517 2052 cxct,
1530 1989 1575 2062 6).
1590 1992 1629 2047 Tu
1650 2007 1679 2048 cs
1700 1992 1756 2061 ipsa
1775 1990 1860 2061 portur
1883 2005 1955 2054 mea,
1971 1989 2060 2060 torpuit

1275 2082 1346 2145 [leo.
1359 2091 1386 2137 et
1398 2099 1451 2137 troo
1470 2083 1597 2138 dubitarit
1614 2083 1696 2137 deum
1712 2082 1761 2136 sibi
1786 2081 1871 2136 lacere
1894 2081 2060 2151 portionem.

1277 2172 2057 2246 lloereditntepoasidelruntturona.Maledicentesontentcnor,

1275 2265 1421 2334 disperient.
1440 2265 1475 2322 Ut
1496 2277 1583 2320 atatem
1609 2264 1789 2320 benedicant¹
1812 2264 1857 2331 oui
1878 2261 2057 2324 benedicunt,

1277 2356 1420 2424 praestitum
1432 2358 1535 2411 esicio.
1548 2354 1613 2410 Nam
1628 2366 1733 2410 teritum
1746 2363 1787 2409 est
1800 2353 1832 2408 ad
1845 2352 2058 2418 maledicentes,

1275 2455 1303 2501 et
1320 2446 1380 2500 lacti
1401 2455 1463 2507 sum
1476 2445 1663 2502 benedicentes
1677 2464 1684 2498 :
1700 2453 1727 2500 et
1742 2445 1796 2513 jam
1820 2444 1858 2498 sic
1878 2441 2059 2512 disperierunt

1276 2534 1464 2591 maledicentes
1474 2550 1545 2596 eum.
1559 2550 1619 2590 curu
1631 2534 1689 2603 eius
1701 2547 1811 2587 muliere
1826 2532 1887 2587 lereti
1899 2541 1963 2587 suot
1976 2531 2060 2588 bene-

1276 2624 1411 2690 dicentes,
1422 2641 1501 2696 quem
1514 2626 1583 2680 orato
1594 2638 1643 2680 suo
1655 2624 1863 2690 maledicebant,
1877 2623 1948 2682 hotto
1966 2630 2060 2686 autern

1279 2715 1362 2783 ipsius
1375 2714 1543 2772 derredicuot.

1286 2874 1289 2880 .
1312 2806 1354 2860 lai.
1371 2803 1452 2879 [uero.
1464 2803 1530 2877 id]
1547 2804 1638 2860 Videte
1659 2803 1722 2875 quid
1742 2803 1860 2873 sequitur
1879 2820 1887 2857 ε
1906 2802 1930 2856 Α
1947 2801 2059 2858 destino

1276 2912 1375 2966 pressus
1388 2896 1496 2960 donrinis
1510 2896 1658 2967 diriperetur,
1673 2896 1774 2949 etaiam
1787 2895 1839 2965 rjus
1851 2895 1924 2948 nolet.
1938 2894 1999 2963 lpse
2012 2893 2059 2950 hoe

1277 3003 1321 3043 mo
1335 2997 1364 3042 ut
1375 2987 1438 3043 uelit
1450 2987 1518 3042 riam
1530 2987 1650 3049 llomiui,
1666 2986 1700 3048 ab
1714 2986 1770 3056 ipso
1783 2985 1893 3039 Durruiuo
1909 2983 2060 3052 diriguntur

1276 3092 1382 3149 gressus
1400 3078 1465 3148 ejus.
1481 3076 1547 3143 Nam
1566 3077 1589 3138 si
1609 3077 1796 3138 [leoninusnou
1812 3075 1938 3144 dirigeret
1949 3087 2059 3144 premnt

1278 3173 1401 3241 lrourinis,
1419 3183 1471 3225 tum
1487 3171 1559 3240 pravi
1569 3177 1657 3236 erarrt,
1671 3178 1700 3222 ut
1712 3183 1817 3237 scurper
1829 3182 1875 3236 pcr
1886 3180 1967 3235 prava
1976 3164 2058 3234 irent,

1277 3277 1303 3321 et
1317 3266 1425 3320 semitas
1437 3279 1530 3319 curras
1542 3261 1677 3330 seuuemlo
1687 3260 1775 3315 redire
1785 3275 1837 3318 uon
1849 3265 1969 3329 possent.
1979 3255 2061 3316 chil

1276 3366 1364 3416 antem
1379 3357 1432 3419 ille,
1446 3363 1474 3409 et
1487 3353 1600 3418 vocarit,
1615 3361 1642 3407 ct
1655 3350 1784 3416 redenrlt,
1803 3359 1830 3407 et
1847 3347 2003 3419 sauguinem
2016 3347 2059 3404 itte

1276 3448 1315 3505 dit
1329 3467 1336 3502 ι
1353 3448 1403 3503 lmc
1414 3445 1525 3517 pretium
1544 3443 1627 3510 dedit,
1646 3444 1702 3499 ltrec
1714 3443 1781 3497 bona
1793 3441 1865 3504 iecit,
1876 3450 1903 3496 et
1915 3439 1984 3494 mala
1999 3451 2060 3509 pas·¹

1277 3557 1322 3599 sas
1335 3550 1384 3596 est.
1396 3540 1511 3596 tltteudo
1527 3556 1586 3609 urta
1599 3539 1709 3603 lecerit;
1724 3537 1793 3592 Deus
1804 3545 1864 3590 est:
1878 3533 1988 3590 attende
1998 3547 2077 3604 qua·

1277 3647 1371 3703 possus
1389 3633 1438 3697 sil;
1451 3631 1531 3684 lrorno
1544 3640 1594 3685 est.
1609 3629 1673 3697 Qaris
1687 3629 1737 3683 iste
1754 3628 1823 3690 lieris
1837 3625 1934 3685 lrouroi
1946 3624 1974 3680 Si
1988 3633 2060 3690 tu,o

1277 3723 1357 3777 ltorno
1370 3763 1377 3785 ,
1391 3735 1443 3776 uon
1456 3720 1604 3779 diurittcres
1618 3720 1718 3782 ileum,
1734 3732 1785 3770 noo
1800 3715 1876 3771 lieret
1890 3730 1938 3784 pro
1950 3723 1975 3768 tc
1988 3713 2064 3777 Delta

1277 3814 1367 3869 homo.
1379 3814 1474 3868 Parum
1488 3813 1560 3869 euim
1574 3812 1620 3869 tilii
1638 3819 1696 3866 crat
1710 3809 1742 3864 ad
1756 3808 1999 3864 remunerationem
2017 3804 2062 3873 rel

1276 3906 1308 3957 ad
1319 3903 1416 3957 drrumn
1427 3903 1495 3972 ejus,
1506 3903 1565 3972 quia
1576 3911 1602 3957 el
1613 3902 1746 3957 lrooriucro
1759 3909 1786 3954 te
1798 3899 1869 3960 lecit,
1881 3898 1931 3952 uisi
1941 3907 1968 3953 ct
1978 3896 2064 3955 huten

1277 4010 1325 4064 pro
1338 4005 1364 4049 te
1377 3993 1471 4049 doreti
1483 3994 1541 4063 lpse
1553 4005 1594 4046 est
1606 3992 1677 4047 euim
1696 3991 1740 4061 qui
1764 3990 1862 4044 direxit
1884 4002 1993 4057 gressus
2014 4001 2064 4041 no·

1277 4098 1357 4150 stros,
1369 4093 1398 4139 ut
1410 4084 1478 4138 viam
1490 4083 1548 4152 eius
1560 4081 1698 4139 vellemus.
1711 4080 1732 4135 d
1747 4079 1853 4135 Dorium
1866 4093 1965 4149 plenus
1978 4074 2063 4135 ιιειιιι-Ι

1277 4179 1316 4233 aia
1325 4178 1473 4248 diripentnr,
1486 4186 1508 4229 et
1521 4175 1585 4228 aiom
1596 4175 1652 4244 ejus
1665 4172 1739 4229 nolet.

1312 4273 1355 4326 ld.
1370 4270 1427 4325 lam
1440 4285 1500 4324 curm
1522 4268 1640 4337 sequeris
1659 4267 1728 4321 riam
1747 4264 1862 4329 Christi,
1875 4278 1927 4318 oon
1942 4262 1989 4316 tilri
2005 4276 2062 4319 sae·

1276 4363 1327 4421 errtt
1341 4361 1528 4433 prosperitates
1543 4357 1690 4427 promittas.
1701 4356 1752 4410 Per
1763 4355 1829 4411 dura
1840 4352 1995 4417 ambularit,
2010 4352 2063 4409 sed

1278 4470 1371 4525 taragna
1385 4453 1513 4525 promisit.
1533 4451 1659 4520 Sequere.
1671 4448 1730 4503 Nulli
1745 4456 1845 4501 tarrtum
1858 4444 2065 4516 attenderemus

1277 4547 1370 4611 iturus,
1382 4543 1428 4599 sed
1441 4552 1469 4598 et
1486 4557 1539 4610 mm
1553 4551 1678 4596 venturus
1695 4540 1742 4592 sis.
1757 4535 1893 4591 Tolerabis
1909 4535 1975 4589 dura
1991 4544 2065 4591 tern-

1276 4637 1384 4708 poralia,
1400 4634 1446 4689 sed
1457 4634 1489 4688 ad
1500 4635 1558 4688 treta
1573 4632 1710 4703 pervenies
1731 4629 1900 4697 sempiterna.
1911 4626 1939 4681 Si
1960 4626 2005 4680 vis
2016 4642 2066 4681 sn·

1277 4729 1375 4787 stiuere
1394 4725 1527 4789 laborem,
1541 4722 1648 4778 attende
1670 4719 1829 4775 mercedem.
1844 4718 1910 4772 llam
1923 4725 1951 4772 ct
1963 4732 2067 4785 opera·

1277 4821 1331 4875 rius
1344 4818 1369 4872 iu
1382 4818 1456 4871 vitrea
1468 4815 1614 4879 deiiceret,
1628 4812 1677 4865 uisi
1697 4809 1845 4865 attenderet
1856 4808 1919 4879 quid
1932 4817 2065 4877 acceptu·

1277 4925 1322 4965 ros
1335 4916 1415 4963 esset.
1426 4906 1493 4969 Cum
1506 4912 1594 4961 altman
1606 4901 1750 4957 attenderis
1762 4900 1824 4969 quid
1839 4899 1876 4953 sis
1890 4906 2063 4967 accepturus,

1276 5000 1363 5055 omnia
1378 4998 1424 5052 tilri
1436 5006 1512 5052 erutru
1527 4995 1585 5053 attia
1596 5008 1655 5064 que
1670 4991 1776 5061 puteris,
1792 4990 1930 5059 occdigoa
1940 4988 2065 5042 esdras·

1277 5092 1318 5147 bis
1336 5104 1384 5160 pro
1399 5088 1494 5156 quietus
1509 5084 1573 5142 illud
1587 5083 1711 5152 accipias.
1733 5079 1870 5134 lliralreris
1885 5087 1986 5132 tarrmm
2002 5076 2064 5133 uari

1277 5196 1324 5251 pro
1340 5178 1441 5234 erratillo
1462 5176 1561 5231 labore.
1575 5173 1640 5239 Nam
1654 5173 1753 5240 ratique,
1767 5170 1881 5235 iratres,
1894 5175 2064 5238 praeterea

1277 5271 1367 5341 requie
1388 5268 1463 5325 tenor
1482 5275 1598 5321 aeterum
1618 5262 1771 5323 subeundus
1788 5268 1847 5316 erat
1860 5275 1868 5324 ;
1883 5268 1911 5313 et
1930 5269 2063 5317 aternam

1277 5364 1428 5427 felicitatem
1449 5368 1622 5429 accepturus,
1637 5365 1750 5415 aeterum
1765 5353 1900 5425 passiones
1924 5351 2065 5408 sustinere

1276 5457 1387 5511 deberes
1401 5472 1408 5508 :
1422 5453 1470 5511 sed
1482 5451 1504 5507 si
1515 5460 1643 5507 aeteruum
1657 5447 1801 5502 sustineres
1808 5445 1939 5506 laborem,
1949 5442 2065 5512 quando
2079 5454 2082 5459 ·

1277 5546 1381 5605 serires
1393 5542 1426 5597 ad
1439 5551 1563 5596 uterinam
1578 5537 1748 5594 felicitatem?
1766 5535 1804 5597 lta
1814 5534 1855 5601 m,
1868 5543 1895 5586 ut
1906 5533 2065 5589 necessario

1278 5634 1429 5705 temporalis
1451 5634 1485 5685 sit
1498 5628 1634 5684 tribulatio
1647 5637 1708 5691 tua,
1723 5641 1774 5696 qua
1788 5623 1860 5678 [irrita
1874 5621 1963 5676 reolus
1972 5619 2008 5674 ad
2019 5618 2062 5674 ic·

1277 5726 1402 5784 licitateru
1415 5723 1553 5779 inlinitum.
1572 5718 1623 5774 Sed
1646 5727 1749 5781 taruco,
1764 5715 1860 5770 iratres
1873 5755 1881 5777 ,
1896 5721 1987 5781 posset
1998 5724 2064 5767 csse

1277 5820 1355 5889 irroga
1378 5816 1511 5886 tribulatio
1529 5828 1577 5887 pro
1597 5822 1695 5882 aeteram
1718 5807 1852 5865 felicitate.
1870 5803 1947 5859 l'crhi
1960 5804 2063 5877 gratia,
2094 5826 2100 5837 ·

1278 5923 1306 5968 ut
1319 5911 1442 5983 quioniam
1456 5907 1567 5962 {elicitas
1586 5916 1674 5959 nostra
1688 5903 1767 5956 linctu
1790 5916 1843 5953 nou
1868 5895 1986 5958 ltabebit,
2001 5893 2063 5951 mi·

1312 6072 1320 6103 ¹
1334 6069 1369 6117 sic
1379 6072 1416 6114 ts.
1427 6072 1452 6114 ct
1461 6070 1512 6116 ιιεε.
1525 6069 1551 6111 ιι
1561 6067 1626 6118 tur..
1639 6052 1906 6114 comtemnendam
1916 6049 1991 6099 bunc.
