5025 6925
439 631 491 685 575

420 745 569 814 gatnuunr
590 744 613 796 el
627 742 689 810 justi
709 739 777 809 ejas.
795 737 903 793 locarit
922 745 1030 798 terrant,
1054 734 1226 789 utdiscernnt

442 839 564 905 populana
578 850 664 887 snum.

475 928 516 981 tt.
538 924 611 998 [uera.
626 921 663 995 'l.]
682 924 758 986 Antii,
785 922 894 993 populat
917 938 995 984 meris,
1017 929 1039 972 et
1061 919 1148 988 loquar
1171 916 1224 970 titt.

440 1020 485 1073 llle
498 1018 541 1087 qui
555 1018 641 1072 territt
652 1027 678 1069 et
692 1032 743 1069 non
755 1014 861 1079 silebit,
876 1013 964 1068 videte
976 1012 1035 1081 qnia
1049 1023 1076 1065 et
1090 1008 1188 1073 ratotla,
1203 1008 1225 1062 si

438 1110 551 1169 arraditis,
574 1123 627 1161 non
648 1107 708 1161 silet
729 1124 735 1158 ι
761 1106 840 1172 Aradi,
861 1104 968 1173 populat
994 1119 1081 1165 tracus,
1101 1112 1123 1154 rt
1138 1098 1227 1171 loquar

438 1204 491 1255 titi.
506 1201 571 1255 Naar
586 1200 608 1256 si
622 1198 767 1260 narrandis,
782 1213 834 1251 non
850 1200 942 1265 loquar
953 1195 1008 1249 tibi.
1020 1193 1087 1246 Audi
1099 1204 1122 1246 et
1137 1194 1226 1261 loquar

437 1294 490 1347 riti.
506 1293 570 1347 Narn
586 1293 672 1345 sinon
687 1291 772 1355 audis,
786 1288 834 1344 etsi
848 1288 951 1356 lorpuar,
972 1301 1026 1340 non
1042 1285 1098 1339 tint
1113 1282 1224 1349 Quando

437 1402 500 1455 ergo
513 1384 557 1438 tilti
571 1383 685 1452 loquarl
697 1382 724 1436 Si
737 1381 823 1434 anilis.
841 1377 951 1447 Quando
964 1376 1058 1431 arrdtst
1069 1376 1097 1432 Si
1112 1374 1224 1450 popalus

438 1494 513 1535 tracus
526 1495 564 1535 es.
580 1478 647 1531 aaut
660 1478 741 1542 eninr,
756 1476 864 1546 popular
877 1490 945 1527 meur
958 1489 967 1527 :
981 1472 1129 1535 nouandis,
1143 1469 1164 1523 si
1179 1485 1226 1537 pt-

440 1574 517 1641 pnlus
534 1573 645 1627 alienus.
670 1570 748 1635 Audi,
779 1569 886 1638 populas
900 1583 978 1629 namt,
1002 1575 1026 1620 et
1046 1560 1136 1634 loquar
1160 1563 1227 1628 titt,-

438 1666 531 1734 itraal,
545 1676 568 1721 et
586 1666 736 1735 testificabor
755 1664 806 1718 tt'lri.
818 1662 908 1725 israel,
919 1660 979 1714 audi
992 1678 999 1725 ;
1014 1658 1127 1729 populus
1140 1672 1225 1723 meras,

438 1760 510 1812 trrtdi.
536 1758 617 1813 lsrael
640 1772 735 1812 nomen
754 1753 891 1810 electionis
913 1761 953 1805 ent
974 1768 980 1804 :
1005 1748 1067 1804 Non
1089 1748 1225 1810 occulerit,

440 1853 486 1914 ait,
501 1847 591 1915 Jacob,
606 1848 650 1901 red
664 1845 788 1901 notaberis
801 1843 882 1898 iarael
893 1842 967 1914 (Gen.
982 1857 1072 1906 xxxta,
1083 1840 1141 1908 28).
1156 1839 1227 1909 Ergo

440 1942 501 1995 audi
521 1942 588 1995 sieut
611 1941 699 2005 lsurol,
721 1940 789 1993 sicut
810 1936 902 1990 tideus
926 1935 1026 1997 Dennr;
1042 1934 1092 1987 etsi
1110 1931 1226 1985 nonduin

440 2033 539 2099 specie,
553 2033 599 2087 sod
612 2032 667 2102 jam
683 2031 743 2085 lade.
760 2030 814 2083 lloe
833 2029 904 2083 enim
926 2027 1114 2094 interpretatur
1134 2022 1226 2087 lsrael,

441 2124 539 2178 Viduas
562 2124 654 2178 nertin.
686 2122 736 2190 Qui
763 2121 842 2176 habet
868 2133 946 2174 aures
968 2115 1108 2180 audiendi,
1138 2114 1228 2168 audiat

441 2214 554 2282 ,aliattltn
563 2229 599 2278 ιιι,
615 2214 677 2283 llil.
698 2212 781 2281 etqui
797 2210 876 2264 habet
889 2208 980 2264 oculos
993 2206 1115 2284 videndi,
1128 2204 1227 2260 videat.

441 2306 517 2369 dardi,
529 2303 620 2369 lsrael,
640 2313 663 2357 et
684 2301 835 2371 testificabor
849 2299 902 2352 tilrt'.
925 2296 1001 2365 Quod
1024 2311 1129 2350 sursunt
1150 2294 1226 2360 dixit,

443 2396 551 2468 papulus
567 2410 653 2458 aream
674 2395 724 2448 lanc
745 2395 770 2447 in
792 2390 981 2461 consequenti,
998 2373 1078 2443 lsrael
1095 2397 1144 2443 :et
1156 2389 1227 2456 quod

442 2488 508 2540 dixit
519 2501 635 2545 sursunt.
650 2485 738 2553 loquor
753 2483 814 2548 tidi,·
836 2483 886 2537 ltoc
899 2482 924 2536 in
940 2478 1124 2550 consequenti,
1139 2479 1228 2548 testifi-

442 2578 516 2631 cador
528 2578 579 2631 tibi.
594 2577 661 2644 Quid
677 2577 797 2645 loquetur
812 2575 937 2627 Dominus
952 2573 1020 2627 Deus
1031 2580 1121 2627 noster
1132 2571 1229 2640 populo

441 2671 510 2725 saro?
524 2669 612 2723 israeli
626 2683 675 2723 suo
686 2667 748 2737 qnid
763 2664 962 2721 tostilieabiturl
975 2664 1118 2718 Audiamus
1130 2680 1137 2714 ι
1148 2662 1226 2727 Daris,

444 2761 511 2816 Deras
521 2773 578 2815 tutta
589 2778 635 2831 epo
647 2777 712 2814 tutat.
730 2760 798 2813 [leus
812 2774 860 2828 ego
875 2772 945 2822 sum,
965 2764 992 2810 et
1007 2756 1076 2809 licus
1087 2762 1145 2809 tuus
1157 2768 1227 2807 sunt.

442 2853 580 2922 Quomodo
593 2852 663 2906 Deus
673 2868 718 2923 eqo
727 2851 804 2905 rutra?
816 2849 890 2904 Sicut
904 2848 987 2919 lloysi
998 2846 1096 2900 dictum
1107 2855 1157 2907 est,
1173 2844 1228 2916 Epo

441 2963 496 2999 ιιιιιι
518 2946 559 3013 qai
581 2962 636 2999 suan
660 2943 756 3014 (Ειιοά.
776 2957 813 3005 ιιι,
839 2941 895 3009 11).
918 2937 1056 3009 Quomodo
1079 2934 1149 2990 Deus
1170 2945 1228 2991 tuat

441 3036 516 3089 ararat?
530 3035 584 3104 Ego
599 3050 657 3090 snm
671 3034 739 3087 Deus
752 3032 896 3096 Abraham,
907 3039 934 3085 et
944 3030 1014 3084 [leus
1027 3028 1109 3093 lsaac,
1120 3035 1146 3081 et
1158 3026 1228 3081 lions

442 3128 534 3182 lacuit.
549 3127 613 3182 Sunt
626 3127 705 3186 [leus.
720 3134 747 3179 et
762 3135 822 3178 tuus
836 3138 893 3177 sum
908 3123 998 3177 Deus:
1019 3128 1045 3174 et
1062 3120 1085 3175 si
1098 3128 1160 3174 tuus
1172 3132 1226 3173 non

442 3218 492 3271 sint
507 3217 584 3280 licus,
599 3232 657 3270 sunt
672 3216 750 3270 Deus.
765 3215 839 3269 Bono
853 3228 912 3267 meo
925 3227 983 3267 sum
997 3212 1083 3277 Deus,
1099 3210 1168 3264 nralo
1183 3220 1229 3264 tuo

442 3326 493 3362 aon
507 3324 565 3362 snrn
581 3308 650 3361 Draus
664 3316 732 3361 trans.
748 3305 851 3360 Etenitn
864 3303 935 3359 neas
947 3313 1014 3369 tam,
1027 3304 1051 3358 el
1066 3302 1172 3372 proprie
1189 3300 1230 3354 ali-

442 3402 509 3453 citnr
521 3414 598 3470 quem
613 3396 766 3451 tantilinrius
778 3396 857 3450 lrnltet
871 3396 950 3459 Deua,
969 3404 1092 3464 tanquam
1107 3394 1132 3447 in
1151 3407 1229 3447 ntan-

441 3493 510 3560 eipio
534 3504 590 3553 sao,
605 3498 727 3559 tnnqnnrn
749 3488 775 3541 in
794 3487 896 3556 peculio
915 3500 973 3540 suo.
995 3482 1076 3549 Deua,
1088 3482 1158 3537 Deus
1170 3492 1229 3538 taut

442 3599 497 3636 turn
511 3597 565 3651 eqo.
579 3579 646 3649 Quid
662 3581 700 3633 uis
712 3579 843 3648 antpliasl
856 3578 996 3657 Praemium
1015 3576 1112 3645 quaeris
1131 3591 1146 3629 a
1162 3576 1226 3641 lieo,

443 3682 471 3727 nt
495 3671 593 3742 aliquid
611 3671 656 3726 tibi
677 3671 722 3726 det
736 3671 815 3734 licus,
839 3679 867 3723 at
888 3669 958 3739 quod
979 3668 1025 3723 tibi
1039 3667 1142 3723 dederit
1156 3678 1228 3722 tuum

443 3765 492 3819 sit?
507 3765 576 3819 Ecce
590 3763 647 3832 ipso
660 3763 729 3817 ituras
743 3761 787 3832 qni
807 3760 890 3827 dabit,
907 3769 967 3815 tutas
984 3767 1035 3819 cst.
1051 3758 1118 3829 Quid
1137 3773 1170 3813 eo
1186 3758 1222 3813 di·

444 3858 496 3911 tias
511 3857 544 3909 'l
574 3855 645 3909 iluna
670 3855 827 3924 quarellos,
853 3855 938 3924 ipsum
966 3853 1122 3909 donatorem
1136 3853 1228 3910 lrnltes.

442 3945 521 4012 Deua,
536 3945 606 4001 nm
618 3956 674 4000 ιιιιιι
686 3963 808 4017 eperunt.

478 4039 521 4094 15.
543 4036 617 4111 [uem.
633 4035 672 4110 tt]
692 4036 760 4106 Quid
781 4036 874 4107 querit
896 4037 930 4092 ab
952 4035 1227 4103 horariaeridentnus.

444 4132 513 4186 Deus
524 4140 624 4193 noster,
639 4130 783 4199 inperator
795 4137 820 4184 et
841 4144 888 4183 rex
901 4139 1009 4192 noster,
1025 4127 1095 4198 quod
1116 4127 1229 4198 vectigal

443 4223 521 4278 nolam
530 4222 639 4287 indicit;
654 4221 776 4292 quoniam
797 4220 881 4275 roluit
895 4235 953 4275 esse
967 4235 1013 4275 rex
1026 4228 1126 4283 noster,
1144 4228 1171 4274 et
1183 4235 1230 4274 to-

444 4318 491 4370 luit
504 4332 551 4369 tros
564 4332 623 4370 esse
637 4316 800 4385 prorirminm
810 4315 905 4369 suam?
914 4315 1060 4370 Audiamus
1073 4314 1229 4371 indictiones

443 4412 511 4476 eius.
534 4409 590 4463 Non
606 4411 718 4479 trepidet
738 4425 838 4481 pauper
851 4411 899 4464 snt
914 4409 1057 4465 indictione
1072 4410 1119 4465 liei
1134 4428 1141 4464 :
1159 4409 1230 4480 quod

444 4501 494 4555 sibi
513 4500 583 4555 lleus
602 4499 658 4554 dari
674 4499 773 4563 indicit,
791 4502 847 4569 ipse
868 4499 941 4569 prius
953 4500 1033 4553 donat
1052 4501 1096 4570 qui
1115 4500 1227 4555 indicit:

444 4606 491 4645 aas
504 4601 603 4661 tanturn
622 4589 709 4644 dovoti
721 4601 815 4645 estote.
830 4590 885 4646 Non
905 4590 986 4660 exigit
999 4591 1068 4646 Deus
1085 4589 1155 4661 qnod
1176 4605 1228 4645 non

444 4683 526 4749 dedit,
541 4692 568 4737 et
584 4681 706 4736 ontailtus
724 4681 797 4736 dedit
813 4681 883 4752 qum
902 4683 991 4752 exigit.
1005 4682 1072 4749 Quid
1084 4682 1154 4737 enim
1171 4682 1229 4736 exi·

443 4775 502 4844 git?
516 4773 660 4828 dardianrns
672 4771 746 4842 jam:
763 4771 823 4826 Non
838 4788 913 4843 saper
925 4772 1049 4842 sacrificia
1065 4782 1109 4825 tua
1124 4789 1229 4844 arguam

444 4876 475 4921 te.
490 4865 546 4920 Nou
563 4864 609 4919 tilii
624 4865 709 4919 dicam
723 4881 729 4916 ι
745 4863 832 4930 Quare
846 4879 896 4917 ιιοιι
911 4865 974 4917 ιιι11ι1
987 4864 1111 4934 pinguem
1125 4873 1229 4918 taurum

445 4956 582 5012 nractnstii
602 4971 684 5026 qnare
705 4973 756 5009 nou
778 4954 811 5008 do
830 4970 909 5022 grege
929 4965 972 5007 tuo
985 4956 1113 5024 optirnurn
1127 4954 1229 5009 laircutn

445 5046 565 5118 elegisti?
578 5064 659 5118 qnare
670 5048 739 5100 aries
754 5047 797 5101 ille
812 5045 928 5099 arnbnlat
942 5045 967 5098 in
981 5046 1074 5098 otiltus
1086 5046 1146 5111 tuis,
1162 5044 1229 5100 etin

445 5154 489 5192 arn
502 5155 559 5193 turea
572 5155 623 5193 non
639 5135 836 5207 puniturann
847 5136 932 5190 dicatu
946 5153 952 5188 ε
972 5135 1073 5206 inspice
1083 5151 1159 5206 agros
1171 5145 1230 5190 taos

444 5238 470 5281 et
489 5228 711 5290 eltortenrtnant,
735 5238 761 5282 et
783 5228 896 5297 qrarictos
916 5236 984 5292 tuos,
1004 5226 1148 5295 querendo
1167 5226 1229 5294 quid

446 5318 508 5371 trailti
526 5318 584 5371 des.
610 5317 670 5371 lion
687 5334 762 5388 saper
781 5315 904 5384 sacrificia
926 5327 969 5371 tua
982 5333 1088 5388 triguant
1108 5328 1140 5370 tr.
1162 5316 1230 5385 Quid

444 5412 528 5476 orgol
541 5407 597 5461 Non
609 5419 730 5478 acceptas
744 5407 871 5463 sacrificia
887 5408 963 5462 moa?
980 5407 1136 5462 llulocaurta
1147 5419 1229 5462 uatem

445 5509 487 5553 tua
507 5499 531 5552 in
553 5511 686 5566 compacta
701 5489 758 5553 rneo'
774 5511 831 5553 rarat
851 5515 957 5567 serrtper.
981 5499 1138 5553 llolocausta
1157 5515 1230 5570 quat-

444 5591 516 5654 dara,
527 5589 560 5644 de
572 5590 667 5659 quinus
681 5590 705 5643 in
720 5591 773 5643 alio
783 5591 883 5658 psalmo
895 5591 1001 5657 dieitur,
1018 5590 1048 5644 Si
1060 5591 1178 5645 uoluisset
1188 5609 1232 5646 tu-

444 5683 578 5751 criptam,
598 5681 720 5733 dedissent
738 5681 839 5748 ntiqttc‚·
861 5681 1012 5734 holocaustis
1027 5698 1076 5735 nott
1090 5682 1229 5735 delectabe-

445 5777 480 5830 ris
496 5790 505 5826 :
519 5783 545 5824 at
567 5785 657 5824 rursus
678 5771 808 5824 convertit
830 5786 868 5832 so,
888 5772 1046 5838 Suet-ilianum
1059 5771 1114 5827 Deo
1127 5775 1229 5845 spiritua

444 5864 644 5927 rnntrt'bnlalua,·
664 5879 707 5914 cor
721 5863 853 5915 corttrituut
871 5872 893 5914 et
915 5864 1073 5917 ltantilt'utaut
1092 5862 1226 5920 Dertonae

477 6012 485 6040 ι
505 6012 549 6053 ern
562 5999 622 6062 (attia
641 6011 669 6051 ιο
679 5996 793 6050 dulcitia?
805 5997 906 6047 ttcliuris
926 6007 988 6047 natue
1005 6005 1067 6053 tiss:
1080 5998 1140 6059 (trud
1156 6007 1178 6050 te
1191 6001 1228 6051 di.

447 6075 518 6130 trata?

1009 560 1021 579 ς
1054 620 1083 678 s.
1104 604 1282 676 nuoo'srnu
1304 618 1451 675 oniscon
2015 619 2068 676 ιιι

1280 736 1383 801 apernit.
1398 735 1461 797 Quat
1474 742 1534 787 snut
1549 748 1612 803 orgo
1629 733 1779 789 holocausta
1792 750 1851 805 qum
1870 749 1922 788 uon
1942 735 2069 804 spot-niti

1280 826 1343 890 Qnar
1358 826 1508 880 holocausta
1523 843 1581 896 qum
1594 828 1618 880 in
1631 838 1773 896 crtrtspoetn
1787 827 1844 897 ejus
1857 839 1919 882 sunt
1933 828 2068 898 sernper?

1279 914 1399 983 Beniqtte,
1407 918 1499 984 inquit,
1507 919 1557 988 [ac¹
1566 916 1681 978 Dotrrt'ne.
1689 921 1716 972 in
1724 919 1788 973 barra
1796 917 1922 973 uoluntate
1931 929 1975 971 tata
1987 919 2066 982 Stoa,

1279 1019 1303 1061 et
1317 1010 1470 1076 edificentur
1483 1013 1547 1063 artari
1561 1009 1700 1065 ierusalem
1714 1030 1722 1067 :
1738 1024 1796 1065 trum
1808 1013 1950 1080 acceptata
1965 1014 2068 1077 sacriti-
2090 990 2096 1003 ⁸

1279 1099 1345 1152 cium
1352 1101 1459 1169 partitio
1472 1101 1607 1155 oblationes
1620 1112 1642 1155 et
1657 1103 1803 1156 ltulocaaata
1817 1101 1902 1172 (Ptol.
1914 1120 1940 1166 t,
1956 1102 2039 1159 ta-ttt
2048 1115 2067 1172 t.

1280 1192 1347 1246 Dicit
1367 1193 1487 1261 quandam
1508 1193 1661 1249 ltoloeausta
1676 1196 1758 1250 lleurn
1772 1207 1981 1267 acceptaturum.
1996 1197 2067 1266 Quid

1279 1296 1320 1340 est
1339 1296 1427 1341 autern
1448 1286 1647 1342 lrolocaustutn?
1669 1288 1763 1344 Toturn
1788 1290 1847 1360 igne
1874 1290 2069 1360 absumptam:

1280 1382 1359 1441 καῦσις
1373 1380 1490 1435 incensio
1499 1390 1548 1444 est,
1569 1388 1620 1435 tter
1640 1392 1723 1436 totum
1736 1392 1777 1437 est
1792 1399 1799 1436 τ
1817 1383 2001 1437 lrolocausturn
2019 1398 2067 1436 au·

1281 1482 1333 1527 tent
1348 1485 1389 1529 est
1411 1483 1494 1529 totum
1517 1477 1576 1544 igne
1598 1475 1776 1544 absumptura.
1801 1475 1850 1530 Est
1868 1475 1975 1546 quidam
2001 1476 2070 1545 ignis

1280 1562 1489 1634 flagrantissime
1508 1566 1666 1621 cltaritatis:
1686 1567 1789 1621 artimus
1809 1566 1989 1623 inflammetur
2003 1568 2070 1622 cira-

1280 1656 1376 1720 ritate,
1403 1657 1512 1726 arripiat
1538 1657 1631 1712 cadem
1654 1657 1769 1712 eltaritas
1791 1659 1909 1712 menrltra
1935 1658 1961 1712 iu
1991 1673 2069 1711 usnru

1280 1762 1376 1812 suurn,
1400 1762 1450 1800 non
1466 1762 1497 1801 ea
1511 1748 1646 1818 permittat
1660 1750 1771 1802 militare
1786 1748 1932 1818 cupiditati,
1953 1760 1984 1804 ut
1997 1760 2071 1804 totus

1280 1838 1434 1893 exardescat
1458 1840 1518 1909 igne
1538 1838 1730 1894 amorisditini
1750 1842 1794 1911 qai
1815 1841 1871 1895 vult
1891 1840 1993 1897 oiicrrc
2014 1841 2072 1906 ilco

1280 1929 1472 1985 holocaustum.
1493 1930 1566 1985 Talia
1591 1931 1736 1986 lrolocaasta
1756 1942 1801 1985 tua
1814 1932 1840 1985 in
1859 1942 1997 2002 conspectu
2015 1950 2073 1988 ntea

1280 2032 1337 2077 ιιιιιι
1349 2040 1455 2087 terttper.
1927 2033 1935 2044 '

1316 2116 1359 2170 lli.
1380 2113 1454 2187 [arra.
1469 2103 1508 2189 al]
1528 2115 1621 2171 Adltuc
1632 2115 1683 2171 iste
1696 2116 1775 2170 lsrael
1794 2114 1862 2171 torte
1879 2132 1930 2170 noa
1944 2104 2074 2188 intelligit

1280 2219 1339 2274 qnae
1352 2205 1502 2260 holocausta
1516 2206 1574 2275 ejus
1588 2205 1614 2259 in
1626 2215 1770 2275 conspectu
1781 2222 1829 2285 sup
1843 2206 1938 2280 haheat
1949 2222 2072 2278 semper,

1280 2308 1307 2352 et
1319 2298 1404 2352 adhuc
1417 2298 1450 2352 de
1464 2298 1559 2363 ltnbus,
1575 2297 1608 2353 de
1620 2298 1722 2362 oribtrs,
1738 2299 1770 2352 de
1785 2297 1864 2353 lrireis
1877 2300 1977 2368 cogitat
1992 2317 1999 2352 ι
2016 2315 2073 2354 non

1280 2389 1393 2458 cogitet;
1409 2388 1468 2442 Non
1481 2390 1603 2459 accipiam
1614 2388 1729 2442 dedomo
1740 2400 1781 2442 tuo
1793 2390 1893 2445 titulat.
1909 2392 2073 2447 Holocausta

1280 2480 1412 2535 nominari
1424 2496 1432 2545 ;
1443 2480 1498 2551 jaan
1510 2481 1599 2535 animo
1613 2489 1641 2536 et
1652 2481 1810 2551 cogitatione
1821 2483 1855 2537 ad
1868 2491 1991 2538 terrenos
2008 2501 2072 2555 gre·

1280 2585 1327 2641 ges
1337 2572 1473 2635 currebas,
1489 2571 1549 2626 inde
1560 2572 1655 2643 pingue
1667 2573 1730 2625 rnilri
1743 2572 1840 2643 aliquid
1854 2574 1991 2645 eligebas:
2009 2575 2074 2632 Non

1281 2662 1402 2731 arcciplam
1416 2662 1448 2716 tle
1467 2663 1541 2716 domo
1555 2672 1597 2715 tna
1613 2665 1712 2717 titulus.
1730 2664 1891 2719 Praenrtratiat
1912 2666 2074 2723 Testttnren·

1282 2764 1336 2807 trun
1351 2769 1456 2817 norrun,
1472 2754 1515 2808 ulti
1534 2754 1622 2808 omnia
1636 2754 1679 2808 illa
1695 2755 1823 2810 sacrificia
1839 2767 1927 2811 uetera
1942 2774 2072 2815 cessate·

1280 2851 1351 2896 runt.
1366 2843 1448 2897 Erant
1463 2844 1534 2897 enint
1556 2851 1617 2897 tnnc
1632 2845 1833 2914 praenuntiantia
1847 2845 1965 2900 iatnrorn
1983 2851 2073 2918 quod-

1280 2930 1340 2985 dam
1356 2931 1524 2998 sacrificiunt,
1544 2935 1620 3003 eujus
1641 2935 1769 3003 sanguine
1789 2935 1991 2992 mundarentur.
2011 2939 2075 2995 Not:

1280 3024 1402 3093 accipiam
1419 3024 1452 3079 dc
1464 3025 1539 3079 darno
1559 3036 1602 3080 tua
1620 3026 1720 3095 uitulus,
1735 3044 1814 3097 neque
1832 3028 1863 3082 de
1881 3030 2001 3102 propitias
2017 3037 2075 3109 ¹tta'e

1280 3116 1372 3171 ltircus.

1316 3208 1360 3263 17.
1380 3207 1455 3281 [tera.
1470 3207 1526 3282 10.]
1547 3208 1672 3277 Quoniam
1685 3228 1746 3267 mete
1757 3222 1814 3266 sant
1828 3229 1914 3268 aarum
1926 3214 2013 3269 lentim
2025 3217 2075 3272 ail-

1280 3316 1326 3355 ooe.
1341 3300 1410 3368 Quid
1425 3315 1440 3354 a
1456 3310 1482 3356 tc
1493 3317 1608 3371 quaram
1622 3302 1692 3373 quod
1704 3317 1753 3375 ego
1763 3304 1887 3359 condidi?
1898 3305 2018 3377 llagisne
2030 3319 2074 3365 est

1281 3392 1332 3447 ltoe
1346 3403 1418 3446 tnuat
1431 3394 1473 3447 cai
1489 3393 1623 3463 possidere
1636 3392 1716 3460 dedi,
1737 3411 1817 3466 quarn
1832 3413 1920 3452 nteunr
1934 3400 1980 3470 qai
1991 3400 2074 3469 ‚lucil

1282 3484 1406 3553 Quoniam
1424 3500 1486 3540 ntem
1504 3494 1563 3540 aaut
1581 3503 1666 3540 amnes
1685 3487 1769 3542 laertia
1783 3490 1862 3544 silum.
1879 3490 1932 3544 Sed
1944 3490 2016 3550 forte
2034 3494 2073 3548 ad

1271 3577 1325 3632 ille
1337 3576 1428 3641 lsrael,
1440 3577 1535 3632 Bestiae
1551 3578 1596 3634 oet
1611 3583 1683 3644 sant,
1696 3579 1749 3634 illae
1760 3581 1850 3636 bestiae
1862 3580 1925 3636 lerze
1934 3598 2003 3653 quas
2014 3599 2070 3641 nott

1280 3669 1386 3725 includo
1407 3671 1432 3723 in
1454 3669 1547 3725 chorte
1561 3687 1640 3738 ntea,
1661 3687 1726 3742 quas
1742 3688 1794 3728 non
1808 3663 1887 3745 alligo
1901 3674 1934 3730 ad
1951 3693 2073 3750 praesepe

1280 3780 1368 3822 meunt
1381 3781 1387 3821 z
1402 3773 1527 3821 celarum
1543 3766 1590 3819 laos
1603 3767 1646 3821 ille
1660 3776 1687 3823 et
1706 3768 1763 3822 oris
1778 3778 1805 3822 et
1817 3768 1916 3836 hircus,
1931 3787 1993 3826 ntea
2008 3781 2073 3828 suat

1280 3857 1347 3912 lateo.
1373 3856 1469 3912 Pacoro
1481 3860 1507 3911 in
1520 3855 1646 3913 montlitar
1657 3865 1679 3913 et
1691 3857 1774 3915 bouet.
1791 3857 1847 3940 lica
1868 3871 1930 3916 sunt
1953 3862 1996 3915 illa
2011 3879 2072 3935 que

1281 3964 1332 4002 non
1354 3948 1491 4017 possides.
1506 3965 1564 4004 mea
1579 3960 1641 4004 sunt
1661 3951 1709 4004 ista
1724 3967 1783 4027 qaae
1798 3952 1929 4022 possides.
1949 3948 1981 4010 Si
1998 3956 2071 4011 enim

1280 4054 1375 4094 serras
1388 4021 1462 4094 niens
1474 4055 1504 4094 es
1519 4049 1563 4105 tu,
1579 4050 1663 4095 toturn
1678 4042 1810 4112 peculiam
1824 4051 1899 4097 tuurn
1914 4061 2004 4101 rneunr
2018 4056 2070 4103 est.

1280 4132 1371 4203 Neque
1391 4133 1463 4187 enirn
1486 4141 1527 4187 est
1546 4133 1677 4202 peculium
1691 4134 1797 4190 llornini
1817 4137 1889 4207 qaod
1903 4138 1954 4192 sibi
1975 4155 2072 4196 servas

1280 4229 1457 4294 comparavit,
1474 4235 1501 4280 et
1516 4241 1568 4279 non
1587 4225 1639 4280 erit
1657 4226 1788 4295 peculiutn
1808 4227 1912 4282 Domini
1926 4231 2000 4298 quod
2013 4231 2072 4301 ipse

1281 4318 1496 4373 Dortrinusseran
1512 4319 1621 4372 creavit.
1634 4317 1704 4388 Ergo
1721 4333 1787 4373 mete
1803 4328 1866 4374 sunt
1884 4320 1978 4376 bestiae
1996 4323 2072 4378 silam

1280 4426 1346 4481 quas
1360 4421 1387 4465 tu
1401 4426 1453 4465 non
1466 4410 1559 4480 cepisti
1571 4428 1579 4475 ;
1593 4426 1650 4465 mea
1662 4421 1721 4465 suan
1735 4419 1762 4466 et
1779 4426 1872 4481 pecora
1887 4411 1913 4465 in
1929 4414 2070 4469 mantibus

1280 4513 1414 4573 quaesunt
1429 4511 1489 4567 tau,
1509 4511 1536 4557 et
1555 4502 1635 4557 botes
1649 4502 1694 4572 qui
1715 4503 1821 4556 suntad
1836 4518 1957 4576 presepe
1972 4514 2071 4560 tuum:

1281 4596 1369 4650 omnia
1384 4609 1442 4649 mea
1457 4605 1529 4658 sunt,
1541 4595 1600 4662 {poia
1616 4610 1665 4664 ego
1679 4595 1766 4649 creari
1778 4610 1820 4648 ea.

1317 4686 1360 4741 18.
1381 4683 1455 4758 [tert.
1477 4683 1533 4757 ll.]
1552 4685 1661 4755 Cogitaui
1678 4686 1762 4739 onrnia
1781 4686 1892 4740 natatilia
1911 4687 2074 4754 10311010-

1281 4777 1360 4832 ruodo
1372 4775 1513 4847 cognouit?
1533 4775 1676 4844 appendit,
1696 4777 1852 4830 irritaret-avit.
1866 4777 1931 4843 Quis
1950 4788 2074 4832 nostruin

1281 4869 1352 4924 norit
1367 4868 1455 4923 omitia
1475 4866 1589 4921 volatilia
1609 4867 1689 4922 coeli‘l
1707 4866 1758 4921 Sed
1777 4869 1825 4921 etsi
1846 4868 1922 4922 alieni
1943 4869 2015 4922 liuns
2028 4861 2079 4924 oet

1282 4960 1400 5014 notitiam
1415 4958 1532 5012 ιιιιιιιίιιιιι
1547 4957 1692 5012 volatilium
1707 4958 1778 5022 coeli,
1794 4973 1847 5012 non
1860 4959 1899 5014 sic
1915 4959 1973 5028 ipse
1987 4963 2075 5029 travit,

1282 5062 1311 5106 ut
1321 5050 1366 5105 dat
1379 5065 1458 5105 nosse
1472 5049 1581 5104 ltontini.
1602 5049 1661 5104 Alia
1681 5059 1722 5104 est
1741 5050 1833 5104 notitia
1848 5050 1903 5117 Dei,
1917 5052 1968 5105 alia
1983 5052 2076 5107 ltnrni·

1282 5143 1343 5196 nis:
1361 5142 1428 5196 sicut
1441 5142 1491 5195 alia
1506 5140 1637 5211 possessio
1660 5141 1725 5208 ltei,
1744 5142 1795 5195 alia
1810 5141 1943 5209 huntinis;
1967 5143 1992 5198 id
2013 5155 2076 5209 est,

1281 5233 1351 5288 alind
1364 5242 1405 5288 est
1417 5232 1554 5304 possidere
1571 5233 1628 5299 Dei,
1640 5234 1710 5288 aliud
1723 5234 1858 5304 possidere
1871 5233 1997 5290 britannis.
2015 5237 2076 5292 Nan

1281 5326 1352 5381 enim
1365 5333 1393 5379 tu
1407 5325 1476 5396 qnod
1490 5324 1621 5396 possides,
1635 5335 1717 5380 toturn
1731 5326 1813 5382 ltabes
1827 5329 1852 5381 in
1869 5336 2012 5398 potest-tte,
2027 5342 2075 5386 ant

1282 5417 1406 5488 quamdiu
1420 5418 1490 5471 vitat
1510 5417 1558 5472 bos
1573 5425 1633 5472 tuus
1652 5417 1677 5469 in
1694 5427 1737 5470 tua
1752 5426 1882 5488 potestate
1902 5430 1963 5486 est,
1982 5431 2031 5475 aut
2047 5431 2076 5476 ut

1283 5526 1334 5564 non
1348 5519 1447 5578 pereat,
1459 5518 1504 5563 aut
1517 5523 1569 5563 non
1583 5519 1714 5577 pascatur.
1727 5509 1802 5579 alpad
1814 5526 1893 5580 quem
1906 5526 2010 5566 sutunra
2025 5530 2075 5582 po·

1283 5611 1364 5656 testas
1377 5611 1427 5664 est,
1441 5616 1544 5655 suntme
1562 5611 1589 5655 et
1603 5611 1703 5654 secreta
1716 5601 1830 5669 cognitio
1845 5612 1895 5657 est.
1909 5603 2075 5661 'lrilntarnus

1284 5695 1333 5747 lroc
1356 5693 1419 5754 ileo,
1444 5692 1582 5747 laudantes
1601 5692 1693 5748 Derion.
1718 5693 1775 5748 Nan
1790 5694 1932 5749 audeamus
1949 5697 2042 5753 dicere
2068 5716 2077 5754 r

1282 5786 1421 5853 Quonrodo
1442 5787 1513 5838 novit
1534 5786 1622 5841 nens?
1641 5786 1680 5842 lle
1699 5786 1768 5842 lone
1790 5789 1839 5842 troc
1858 5803 1872 5841 a
1889 5806 1944 5854 rae,
1963 5790 2071 5854 iratres

1282 5881 1442 5948 exspectetis
1470 5889 1497 5933 ut
1521 5881 1648 5949 explicent
1673 5882 1747 5936 rolris
1769 5882 1907 5951 quomodo
1928 5894 2074 5952 t'ogttttscni

1283 5971 1368 6031 liaeus:
1386 5971 1436 6024 lroc
1448 5971 1532 6024 solinu
1550 5973 1610 6027 dico
1631 5990 1704 6027 :tam
1718 5974 1757 6028 sic
1770 5978 1905 6044 cogitosuit
1923 5987 1949 6027 ut
1973 5960 2075 6045 tanniu,

1284 6072 1334 6116 lton
1351 6064 1387 6115 sit·
1401 6064 1537 6131 cognoscit
1551 6074 1577 6116 nt
1595 6065 1720 6134 attgolus;
1737 6077 1760 6119 et
1777 6068 1909 6135 quarrada
1923 6071 2074 6136 angttastit.
