5025 6925
460 682 514 741 aba

460 792 539 848 datur
561 792 605 849 tibi
630 790 751 847 remissio
766 799 952 860 peecatorum.
971 788 1149 843 Attendnntur
1161 802 1241 857 opera

462 898 516 953 tua,
528 895 554 939 et
567 885 737 939 utreniuntur
751 883 839 937 omnia
854 882 933 938 mala.
950 881 977 935 Si
992 880 1062 951 quod
1074 880 1184 935 debetur
1193 880 1244 936 illis

461 977 594 1049 operibns,
612 976 680 1031 [letus
701 974 834 1042 redderet,
848 976 938 1044 ntique
961 973 1098 1028 damnaret
1115 991 1122 1026 :
1137 972 1244 1043 Stipen-

460 1072 531 1134 plinm
545 1071 614 1124 cuim
634 1070 734 1139 peccati
757 1083 828 1123 mars
842 1066 928 1142 (llam
944 1082 981 1133 vt,
994 1066 1051 1138 ιδ).
1068 1066 1141 1120 llalis
1154 1064 1243 1136 opori-

361 1181 366 1195 ι
461 1163 509 1217 bus
521 1162 583 1233 quiid
598 1162 719 1226 debetur,
729 1161 779 1215 nisi
790 1160 943 1215 damnatio?
955 1157 1105 1227 Baetisquid
1118 1157 1246 1212 debetur?

461 1259 580 1330 Regnum
604 1258 742 1314 caelorum.
755 1256 795 1310 Tu
818 1264 905 1310 autem
926 1254 951 1308 in
967 1253 1043 1307 malis
1063 1251 1188 1322 operibus
1201 1250 1243 1305 in·

461 1362 553 1405 uentus
565 1366 595 1406 es
609 1368 615 1404 :
631 1351 654 1406 si
673 1348 798 1405 reddatur
812 1347 859 1402 tibi
870 1346 941 1417 qrrod
963 1345 1083 1408 debetur,
1096 1342 1245 1413 puniendus

461 1458 500 1495 es.
525 1440 593 1510 Quid
617 1455 680 1511 ergo
703 1440 748 1493 ln?
775 1438 831 1494 Non
857 1437 903 1492 tibi
927 1436 997 1491 Deus
1021 1434 1107 1489 reddit
1130 1432 1244 1488 debitam

461 1548 583 1603 poenam,
610 1531 657 1587 sed
692 1509 774 1585 donat
807 1527 951 1583 indebitam
976 1525 1103 1596 gratiam.
1127 1523 1245 1579 Debebat

460 1606 613 1689 uindictam,
635 1624 680 1678 dat
701 1622 899 1693 indulgentiam.
923 1619 1020 1705 lucinis
1048 1632 1111 1688 ergo
1134 1632 1194 1673 esse
1217 1617 1244 1671 in

460 1718 511 1772 nde
527 1734 572 1786 per
588 1716 789 1786 indulgentiam
804 1714 857 1784 jain
872 1713 936 1768 ludes
949 1713 992 1767 illa
1007 1720 1142 1780 assumpta
1158 1725 1205 1779 spe
1218 1718 1245 1764 et

459 1807 600 1863 dilectione
623 1806 714 1875 incipit
737 1806 804 1861 bene
825 1804 929 1874 operari
946 1802 1013 1871 :sed
1032 1817 1082 1857 nee
1106 1810 1168 1855 tunc
1186 1800 1244 1872 glo-

459 1900 545 1966 rieris,
560 1908 587 1954 et
613 1897 725 1953 extollas
738 1907 763 1953 te
776 1915 782 1950 :
796 1904 929 1952 memento
942 1909 958 1948 a
972 1893 1024 1964 q'no
1037 1895 1063 1947 in
1076 1894 1117 1947 ria
1142 1891 1243 1962 positus

460 1996 511 2054 sis;
527 2000 660 2046 memento
675 1990 735 2059 qnia
758 1998 784 2043 et
796 1988 867 2043 sanis
880 1985 991 2057 pedibus
1001 1994 1029 2041 et
1049 1983 1183 2039 velocibus
1198 1998 1242 2038 er·

461 2084 552 2148 mbas,
566 2092 699 2138 memento
721 2080 781 2150 prtia
794 2080 845 2136 etsi
858 2079 1010 2149 languebat,
1025 2085 1052 2132 et
1065 2078 1090 2131 in
1108 2076 1149 2130 ria
1165 2075 1244 2130 senri-

458 2175 532 2228 vivas
553 2174 669 2243 jacebas,
686 2173 787 2228 levatus
800 2186 830 2225 cs
845 2171 870 2224 in
890 2169 1047 2240 jumentum,
1062 2175 1089 2222 et
1102 2167 1244 2237 perductus

457 2264 483 2320 in
497 2265 627 2320 stabulum
639 2262 714 2335 (buc.
727 2280 753 2330 x,
768 2261 825 2333 ab).
837 2260 870 2314 Ei
879 2270 974 2325 autern,
989 2258 1083 2329 inquit,
1094 2258 1138 2327 qni
1149 2273 1241 2326 opera·

458 2367 506 2419 tttr,
522 2372 614 2411 nrercea
630 2372 679 2410 non
701 2356 838 2426 imputatur
856 2351 992 2407 mnndum
1012 2349 1129 2420 gratiane,
1144 2347 1188 2402 red
1201 2362 1242 2403 ae·

455 2448 566 2499 eurtdunt
587 2445 704 2499 debitunt.
724 2443 753 2499 Si
777 2442 816 2498 uis
838 2457 898 2497 esse
916 2440 1018 2495 alienus
1032 2437 1152 2510 agralia,
1171 2438 1242 2508 jueta

456 2538 549 2591 rncrita
571 2546 625 2591 tua.
641 2536 688 2591 ille
710 2545 797 2590 autem
815 2532 888 2588 videt
907 2530 969 2603 qnid
985 2531 1020 2585 sit
1040 2530 1067 2584 in
1080 2539 1116 2595 te,
1130 2537 1158 2584 et
1169 2529 1242 2583 norit

455 2627 517 2697 qnid
530 2628 571 2682 cui
583 2626 702 2680 *debeat
711 2624 745 2678 Ei
758 2640 814 2680 nero
827 2623 870 2694 arai
884 2638 933 2675 ιιοιι
948 2630 1074 2690 operatur,
1085 2618 1241 2689 quidilioce

457 2732 526 2785 pone
552 2716 666 2786 aliquem
692 2715 800 2785 impium
826 2722 1003 2783 peecatorem,
1028 2726 1081 2764 non
1102 2720 1238 2779 operatur.

454 2809 521 2875 Quid
535 2807 640 2863 antemi
651 2807 742 2863 Credit
756 2808 863 2861 autem¹
879 2806 905 2860 ιιι
919 2820 980 2861 eum
990 2800 1171 2874 quijustilicat
1186 2801 1238 2856 im·

454 2902 535 2971 pium.
553 2901 590 2955 Ex
603 2915 635 2955 eo
657 2901 726 2956 enim
742 2900 802 2969 quia
826 2914 880 2952 non
902 2905 1025 2968 operatur
1043 2898 1121 2962 bene,
1144 2894 1239 2966 impius

454 3003 495 3050 est
509 3013 515 3047 :
530 2995 579 3049 etsi
600 2993 668 3047 bona
682 2992 801 3047 videatur
813 2991 908 3057 lacere,
919 3000 1017 3055 nmen,
1032 2991 1091 3060 atria
1105 2991 1162 3044 sine
1175 2988 1237 3058 fide,

454 3084 584 3140 treeboua
596 3083 713 3140 vocanda
726 3094 796 3137 sunt.
805 3081 918 3136 Crederni
931 3091 1015 3135 autent
1028 3082 1054 3134 iu
1067 3097 1123 3134 earn
1135 3081 1178 3152 qni
1189 3081 1239 3150 ju·

453 3176 543 3242 nificat
556 3176 670 3243 impiant,
685 3173 819 3242 depntnlrrr
836 3172 899 3242 fides
910 3173 965 3242 ejus
978 3172 1012 3225 ad
1021 3172 1238 3241 iustitiam3aicut

451 3273 473 3317 et
489 3263 571 3318 Drroid
583 3264 653 3327 dicit,
669 3263 845 3317 beatitudinem
855 3262 972 3328 bortrinis,
988 3263 1029 3315 cui
1050 3261 1118 3315 Deua
1136 3270 1237 3332 accepto

452 3357 498 3423 {ert
514 3355 638 3426 justitiam
657 3354 711 3408 eine
731 3355 845 3425 operibns
857 3342 945 3421 (dour.
960 3369 996 3420 tr,
1010 3353 1038 3420 5,
1053 3353 1092 3423 6).
1103 3352 1236 3408 iustitiam

452 3455 541 3499 autern
564 3445 662 3515 ‹puarnl
678 3443 697 3497 F
700 3444 761 3511 idei,
776 3458 854 3515 quarn
875 3444 944 3499 bona
959 3459 1039 3515 opera
1055 3459 1108 3499 non
1121 3458 1235 3515 praecoe-

450 3543 551 3599 sernnt,
563 3535 608 3589 scd
619 3551 696 3604 qnam
711 3536 779 3590 buna
792 3550 871 3605 opera
884 3546 1093 3606 consequuntur.

486 3626 513 3681 8.
528 3625 657 3680 intendite
670 3640 733 3696 crgo
754 3640 801 3679 vos
815 3641 822 3680 :
838 3625 955 3696 alioquin
978 3626 1046 3682 male
1068 3627 1235 3698 intelligendo

451 3719 579 3789 projicitis
593 3733 640 3773 vos
663 3719 773 3773 inillam
795 3720 947 3790 voraginem
960 3720 1067 3790 impune
1085 3720 1210 3790 peccandi
1226 3738 1233 3776 :

450 3822 476 3867 et
498 3827 548 3881 ego
564 3811 712 3877 liberaum,
727 3812 794 3866 sieut
813 3811 870 3882 ipse
893 3813 1036 3882 Apostolus
1054 3813 1088 3868 ab
1109 3813 1232 3870 omnibus

452 3901 521 3956 mule
541 3901 745 3972 intelligentibus
769 3902 836 3957 liber
850 3900 908 3957 luit.
922 3902 1047 3959 Libenter
1069 3904 1140 3959 enim
1162 3904 1232 3973 male

450 3992 647 4058 intellexerunt,
659 4008 693 4048 ne
706 3993 773 4047 bona
782 4031 784 4040 .
792 4008 871 4065 opera
882 4004 1065 4064 sequerentur.
1079 3995 1164 4051 Nolite
1174 4010 1234 4062 esse

449 4083 483 4138 de
496 4099 607 4139 numero
620 4085 720 4150 talium,
736 4083 839 4140 iratres.
848 4085 947 4140 llicitur
960 4085 1108 4156 inqnodam
1119 4087 1231 4157 psalmo,

452 4175 486 4231 de
500 4175 614 4245 quodam
629 4176 736 4231 bomine
751 4176 806 4241 tali,
823 4176 848 4231 id
861 4185 902 4232 est
915 4177 949 4233 de
962 4177 1006 4232 tali
1030 4193 1137 4250 genere,
1158 4182 1233 4252 quasi

452 4267 487 4322 de
501 4282 553 4321 rino
565 4285 571 4320 :
585 4266 683 4332 Noluit,
694 4268 788 4338 inquit,
802 4269 975 4340 intelligerent
985 4268 1135 4342 beneageret
1147 4271 1230 4344 (Paul.

451 4374 533 4424 xxxv,
544 4360 583 4428 lt.
595 4360 651 4414 Non
667 4360 765 4416 dictum
780 4371 829 4425 est
841 4361 899 4418 Non
918 4366 1003 4434 potuit
1013 4365 1167 4438 intelligere.
1180 4368 1232 4425 vos

449 4467 512 4520 ergo
522 4460 625 4520 oportet
637 4462 663 4506 ιιι
674 4453 759 4506 uelitis
769 4454 924 4525 intelligere,
932 4465 960 4510 nt
970 4458 1037 4512 bene
1045 4460 1138 4529 agatis.
1150 4458 1232 4517 intel-

450 4542 533 4596 leetns
543 4542 613 4596 enim
628 4542 702 4597 vobis
716 4557 768 4597 ιιοιι
781 4543 865 4600 deerit
875 4547 1111 4617 manifestantium
1123 4559 1165 4605 est
1174 4567 1231 4606 ma·

449 4634 560 4688 nilcstus
575 4633 739 4688 intellectus?
751 4633 834 4690 Nemo
844 4637 926 4706 jactet
941 4639 1008 4694 bona
1021 4655 1102 4710 opera
1113 4656 1160 4696 sna
1170 4651 1231 4698 ante

451 4725 540 4792 sidem,
555 4740 634 4779 nemo
647 4726 681 4779 sit
692 4726 765 4796 piger
778 4726 891 4784 inbonis
906 4731 1030 4800 operibus
1043 4743 1149 4804 accepta
1164 4735 1229 4791 lide.

452 4817 500 4871 bat
523 4818 593 4872 [leus
610 4831 673 4887 ergo
688 4817 875 4889 indulgentiam
890 4823 1011 4891 omnibns
1024 4825 1121 4897 impiis,
1134 4837 1159 4882 et
1171 4843 1219 4884 eos

448 4907 618 4978 justificarer
631 4907 692 4964 fide.

483 4999 509 5053 9.
524 4999 602 5071 [uere.
617 5000 642 5065 l,
653 4998 699 5072 ἰ]
712 4998 784 5055 Beati
800 4998 810 5031 ¹
824 5017 930 5070 quornm
946 5003 1056 5061 remisere
1068 5019 1125 5063 ιιιιιι
1137 5009 1230 5081 inigui-

447 5102 519 5156 talea,
539 5102 680 5161 clauorum
700 5103 764 5147 tecto
777 5102 835 5148 runt
846 5104 957 5163 peccata.
970 5095 1063 5151 Reatur
1075 5100 1112 5152 air
1125 5103 1166 5155 cui
1179 5119 1230 5157 non

446 5183 574 5253 intpntooit
594 5182 717 5238 Dorninua
730 5189 1007 5255 perrumperetur
1025 5205 1067 5244 ore
1080 5191 1228 5261 epaenetus.

446 5273 504 5328 lam
518 5273 639 5328 Psalrnus
653 5277 753 5347 incipit,
764 5285 791 5332 ct
802 5278 895 5348 incipit
906 5279 1062 5336 intellectus.
1078 5281 1235 5342 intellectus.

446 5378 510 5431 crgo
525 5363 566 5418 rel
579 5363 748 5435 intelligentia
760 5366 816 5436 ipsa
831 5378 886 5437 est,
904 5378 932 5424 nt
944 5371 1049 5426 noueris
1062 5387 1111 5428 nee
1128 5373 1229 5444 jactare

448 5457 583 5512 redebere
600 5457 634 5512 de
647 5460 747 5515 meritis
760 5461 821 5528 tuis,
836 5478 885 5518 nee
897 5478 1057 5534 praesumere
1068 5465 1102 5522 de
1114 5468 1230 5538 impuni-

450 5559 503 5604 tate
518 5554 628 5620 pceeati.
644 5550 739 5605 Psalmi
753 5553 824 5607 enim
837 5556 928 5610 titulus
943 5557 977 5611 ita
992 5567 1051 5613 cst:
1068 5556 1136 5613 llaic
1146 5559 1229 5614 braid

445 5644 593 5697 intellectae.
603 5642 798 5712 Intelligentiar‘
810 5656 919 5701 vocatur
934 5650 1051 5717 psalmus
1064 5651 1124 5707 iste.
1138 5652 1227 5708 Prima

475 5759 482 5788 ¹
497 5763 575 5814 rorte,
586 5760 608 5805 et
619 5753 667 5815 rai,
677 5753 725 5812 rel,
738 5755 831 5819 cuique.
859 5764 888 5806 ιι.
976 5768 979 5774 ·

473 5821 483 5849 ¹
495 5824 563 5867 torte
575 5830 626 5880 pro,
638 5824 724 5875 nutem,
734 5814 875 5890 legendum,
887 5824 975 5870 tmrten.
1007 5829 1034 5871 ιι.

474 5878 531 5928 ³uic
547 5881 571 5927 in
589 5887 640 5927 tiss.
658 5880 774 5941 superiori
799 5880 931 5942 praelationi
947 5885 1055 5944 proxime
1074 5886 1228 5949 coniungitur

441 5943 516 5992 altera
527 5942 610 5989 istlrue
618 5940 733 5989 rsalmibl
746 5943 873 6002 expusitio.
885 5942 946 5992 utin
957 5944 1023 6006 prius
1033 5946 1104 5994 editis
1112 5948 1142 5994 ab
1153 5953 1189 5998 la.
1202 5957 1228 5999 et

371 6059 380 6080 0
439 6004 495 6053 Lus.
509 6002 700 6112 fuf‘ffoew
716 6004 857 6065 interposita
874 6010 954 6054 linear.
971 6007 998 6066 l,
1010 6019 1081 6069 qnam
1094 6007 1170 6058 babes
1184 6023 1226 6060 sn-

456 6076 490 6114 ΓΩ,
508 6076 551 6111 Ν.
580 6082 584 6087 “
611 6100 617 6111 .
1054 6096 1058 6113 ι

439 6079 548 6178 p‘atace
569 6127 652 6188 reela,
672 6126 733 6178 aue
753 6126 831 6180 nmio
848 6129 988 6194 ιιιιιιιειιιιι,
1004 6130 1060 6182 edd.
1076 6143 1163 6185 omnes
1181 6132 1224 6188 ba·

1056 676 1084 734 S.
1104 674 1285 732 ntlcbsltll
1306 674 1453 731 uniscunt

2032 680 2089 739 aaa

1299 803 1362 858 ergo
1386 789 1567 859 intelligentia,
1583 801 1611 844 ut
1624 800 1649 847 te
1664 792 1769 848 innueris
1784 804 1959 863 peecatorem.
1975 794 2086 853 Corne·

1297 896 1381 952 quiens
1394 882 1562 953 intelligentia
1571 893 1622 948 est,
1636 893 1665 938 ut
1676 900 1736 938 euru
1747 901 1779 940 ex
1793 885 1843 940 irde
1853 902 1900 954 per
1912 888 2088 943 dilectionem

1298 975 1365 1029 bene
1380 975 1491 1043 coeperis
1505 976 1619 1045 operari,
1633 991 1666 1031 ne
1682 975 1732 1032 boo
1743 978 1843 1032 viribus
1857 979 1915 1043 tuis,
1932 979 1979 1033 sed
1993 982 2090 1050 gratiae

1298 1066 1343 1121 Dei
1357 1066 1535 1137 deputaveris.
1551 1067 1587 1122 lta
1609 1084 1660 1123 non
1675 1070 1725 1126 erit
1737 1070 1814 1125 dolns
1830 1071 1854 1125 in
1868 1071 1949 1126 corde
1963 1082 2022 1137 tuo,
2036 1072 2090 1129 Ιιιιο

1298 1169 1339 1213 est
1350 1159 1375 1214 in
1387 1174 1434 1215 ore
1452 1161 1577 1217 interiore
1602 1171 1665 1227 tuo;
1680 1178 1729 1218 nee
1743 1163 1813 1217 aliud
1831 1163 1856 1218 in
1871 1164 1945 1218 labiis
1959 1165 2085 1228 babebis,

1297 1250 1366 1303 alind
1381 1250 1407 1304 in
1427 1252 1595 1321 cogitatione.
1613 1252 1671 1306 Non
1691 1256 1743 1310 eris
1755 1254 1789 1309 de
1811 1254 1861 1308 illis
1883 1255 2037 1324 Plrariszeis,
2052 1258 2089 1314 de

1297 1340 1497 1409 ‹ptibusdictutn
1505 1352 1559 1398 cst:
1567 1342 1733 1398 Similexeatir
1744 1347 2058 1413 erronurrtentirdealbutix,·
2071 1365 2088 1402 ιι

1297 1432 1359 1499 foria
1370 1433 1470 1502 quidem
1481 1436 1608 1504 apparetis
1618 1436 1758 1490 bominibus
1765 1438 1911 1505 justinian
1923 1448 2006 1492 autern
2019 1440 2089 1509 pleni

1297 1524 1355 1577 extis
1364 1524 1421 1579 dolo
1436 1533 1458 1579 et
1470 1526 1600 1596 iniquitate
1614 1525 1718 1596 (Matri.
1729 1542 1806 1590 xxm,
1817 1527 1875 1598 ιι).
1887 1529 1935 1595 Qui
1946 1544 2013 1600 ergo
2024 1544 2088 1586 carm

1296 1615 1330 1668 sit
1345 1614 1447 1685 iniquus
1466 1615 1566 1685 justum
1582 1630 1611 1671 se
1625 1617 1775 1688 pratendit,
1787 1633 1874 1672 nonne
1892 1618 2003 1675 dolosus
2026 1617 2088 1677 est'l

1295 1703 1353 1758 Non
1368 1705 1413 1761 illa
1425 1705 1570 1761 Nathanacl
1592 1716 1650 1772 est,
1666 1707 1699 1762 de
1712 1722 1765 1778 quo
1776 1709 1903 1764 bantinus
1914 1710 1980 1767 dicit
1997 1730 2004 1767 :
2021 1710 2089 1769 Eece

1296 1810 1350 1850 uere
1361 1795 1478 1851 israelita
1489 1798 1515 1851 in
1529 1814 1578 1867 qna
1587 1798 1662 1852 dolus
1677 1815 1727 1853 nan
1741 1800 1795 1854 eet?
1804 1799 1880 1856 Unde
1894 1812 1985 1857 antem
2002 1804 2027 1859 in
2039 1804 2087 1859 illo

1296 1886 1456 1942 Nathanaele
1474 1886 1551 1942 dolus
1572 1903 1624 1943 non
1647 1889 1721 1944 erati
1742 1889 1805 1944 Cum
1826 1907 1900 1956 exrex,
1919 1893 2017 1963 inquit,
2037 1895 2085 1950 sub

1295 1977 1383 2032 arbore
1393 1977 1445 2047 piei,
1453 1977 1504 2031 uidi
1513 1988 1536 2032 te
1546 1976 1633 2049 (loun.
1643 1994 1663 2047 1,
1672 1981 1780 2051 ⁴2⁴8).
1789 1980 1844 2036 Sub
1856 1982 1951 2038 arbore
1959 1984 2003 2039 stoi
2015 1995 2085 2051 erat,

1294 2067 1590 2124 subeunditioneoarnis
1599 2069 2085 2145 emt.Sisubconditiunecamiserat,

1294 2160 1354 2227 quia
1365 2158 1497 2228 impietate
1509 2160 1660 2231 propaginis
1670 2161 1822 2227 tenebatur,
1834 2164 1884 2219 snb
1893 2164 1938 2218 illa
1947 2166 2085 2223 arboren·

1294 2248 1317 2302 ci
1338 2257 1405 2311 erat,
1421 2250 1511 2319 inqua
1525 2252 1639 2321 gemitur
1654 2252 1679 2307 in
1691 2252 1743 2307 alio
1762 2255 1865 2323 psalmo
1876 2274 1883 2311 ι
1896 2256 1961 2312 Ecce
1980 2258 2086 2317 ιιιιιιιιιι

1292 2340 1422 2411 iniquitate
1440 2352 1573 2413 conceptue
1591 2343 1816 2417 eum(Peal.n,7).
1827 2348 1879 2404 Sed
1892 2349 1956 2406 vidit
1965 2367 2028 2409 etam
2041 2356 2086 2412 die

1293 2430 1338 2501 qui
1357 2432 1429 2486 venit
1445 2449 1504 2487 cum
1522 2434 1616 2504 gratia.
1630 2435 1697 2504 Quid
1719 2445 1769 2501 est,
1788 2439 1856 2495 Vidit
1868 2443 1946 2497 eum?
1961 2442 2084 2517 blapruu

1293 2530 1334 2577 est
1355 2524 1422 2593 eius.
1439 2524 1653 2596 Ergobominem
1676 2528 1734 2584 sine
1754 2529 1815 2585 dolo
1837 2532 1876 2587 sie
1894 2537 2081 2603 commendat,

1293 2622 1322 2668 nt
1344 2616 1455 2686 gratiam
1473 2632 1547 2671 snam
1562 2619 1587 2672 in
1601 2619 1645 2673 illo
1667 2622 1847 2678 commendet.
1871 2624 1934 2680 Crem
1951 2644 2018 2684 cerer
2037 2630 2082 2685 rot

1292 2704 1379 2759 arbore
1392 2706 1443 2775 pira',
1458 2707 1508 2761 uidi
1522 2717 1554 2761 te.
1566 2708 1623 2762 Vidi
1631 2719 1663 2775 te,
1674 2710 1866 2785 atridmagnum
1877 2725 1928 2783 est,
1939 2719 1991 2774 nisi
2007 2720 2082 2776 intel·

1291 2795 1357 2866 ligas
1371 2797 1458 2868 aliquo
1479 2797 1685 2855 mododictum?
1704 2801 1771 2870 Quid
1792 2820 1915 2876 magnum
1935 2817 1978 2864 cst
1992 2810 2082 2867 oluere

1291 2886 1425 2943 bominem
1447 2889 1497 2945 sub
1510 2891 1605 2946 arbore
1614 2891 1707 2948 liciisi
1719 2909 1771 2960 non
1782 2893 1890 2954 vidisset
1902 2898 1952 2954 sub
1966 2900 2016 2955 ista
2030 2902 2080 2958 ιιοιι

1290 2992 1373 3049 genus
1392 2982 1536 3036 bumanam
1555 2982 1686 3051 Christus,
1701 2995 1745 3040 aut
1763 3002 1944 3045 aresceremus
1959 2993 2078 3056 omnino.

1289 3080 1345 3137 aut,
1363 3074 1496 3143 quomodo
1520 3073 1655 3142 Pbarisai,
1683 3077 1709 3145 ιιι
1727 3077 1822 3148 quibus
1854 3080 1931 3137 dolus
1957 3091 2024 3149 erat,
2053 3084 2079 3141 id

1289 3173 1341 3231 est,
1360 3164 1536 3234 justificabant
1553 3182 1584 3224 se
1599 3169 1695 3236 verbis,
1718 3168 1794 3226 iretis
1807 3181 1896 3227 autem
1910 3175 1972 3229 mali
1992 3186 2078 3246 erant,

1288 3254 1349 3311 lolia
1357 3255 1412 3311 sola
1424 3257 1604 3313 invenirentur
1612 3260 1638 3313 in
1646 3260 1732 3328 nobis,
1741 3275 1792 3316 non
1804 3257 1914 3318 lr'nctus.
1923 3263 1990 3320 Nam
1999 3268 2082 3323 talem

1288 3346 1409 3405 arborem
1424 3349 1466 3403 tici
1483 3350 1588 3421 quarrdo
1597 3352 1797 3423 xidithristus,
1811 3356 1955 3423 maledixit,
1963 3360 2077 3416 claruit.

1288 3436 1381 3507 Video,
1392 3439 1551 3512 inquit,sola
1566 3440 1721 3511 lolia,idost
1734 3446 1789 3501 sola
1800 3446 1888 3514 rerba,
1903 3449 2005 3521 absque
2023 3450 2078 3508 iru-

1287 3541 1333 3588 ctn
1343 3535 1459 3590 :Arescat
1467 3535 1688 3610 (blattinxxnlb),
1697 3541 1791 3612 lnquit,
1799 3551 1827 3596 ut
1840 3558 1889 3599 nee
1901 3542 1961 3600 lolia
1971 3545 2078 3604 lrabeat.

1288 3625 1384 3695 Utauid
1405 3637 1432 3683 et
1451 3629 1531 3684 rerba
1550 3631 1634 3686 tollitl
1646 3632 1734 3688 Arbor
1756 3634 1830 3689 arida
1851 3637 1922 3692 enim
1943 3654 1994 3694 nee
2014 3638 2078 3697 lolia

1287 3726 1373 3787 potest
1388 3719 1494 3775 babere.
1508 3721 1552 3777 Sic
1565 3737 1629 3793 ergo
1640 3733 1717 3780 erant
1737 3724 1832 3796 ludaei,
1845 3727 1974 3786 Pharisaei
1998 3732 2079 3789 arbor

1286 3808 1329 3863 illa
1348 3819 1422 3864 erant
1436 3827 1446 3866 .·
1460 3811 1541 3868 rerba
1556 3813 1697 3882 habebant,
1712 3814 1782 3872 lacta
1800 3833 1853 3873 non
1866 3819 2004 3878 habebant
2021 3841 2029 3877 :
2044 3839 2078 3881 ex

1285 3901 1416 3956 sententia
1442 3902 1546 3959 llomini
1560 3903 1709 3961 ariditatem
1725 3918 1890 3966 meruerunt.
1900 3910 1997 3969 Videat
2012 3929 2077 3986 ergo

1285 3998 1334 4044 neu
1349 3989 1471 4048 Christus
1490 3993 1540 4047 sub
1551 3994 1647 4050 arbore
1658 3995 1699 4051 llei
1716 4015 1723 4051 :
1738 3997 1862 4055 videntia
1883 4015 1964 4058 carne
1982 4014 2075 4060 nostra

1285 4082 1363 4137 etiam
1372 4082 1484 4138 lruetum
1497 4084 1560 4140 boni
1569 4087 1674 4161 operis,
1689 4103 1723 4144 ne
1739 4089 1798 4160 ejus
1810 4092 1995 4152 maledictione
2001 4110 2078 4153 ares·

1285 4175 1423 4239 eamusAEt
1432 4177 1493 4246 quia
1501 4184 1585 4232 totum
1593 4179 1683 4250 gratia
1691 4180 1965 4254 'ejusimputatnrnon
1973 4189 2077 4244 meritis

1284 4269 1391 4329 nostris,
1405 4265 1476 4322 Bruti
1486 4283 1593 4338 quorum
1606 4271 1715 4326 remissa
1734 4284 1792 4327 runt
1806 4275 1957 4346 iniquitates,
1973 4287 1997 4332 et
2007 4295 2074 4350 qao·

1284 4373 1341 4410 runt
1361 4367 1425 4412 tecta
1444 4370 1501 4414 rant
1525 4372 1645 4430 peecata:
1661 4378 1713 4418 noa
1730 4365 1756 4419 in
1771 4367 1868 4436 quibus
1888 4384 1942 4423 non
1956 4380 2019 4426 sunt
2032 4373 2075 4427 in-

1285 4458 1361 4505 uenta
1371 4461 1487 4520 peoeata,
1496 4453 1661 4524 sedunorum
1669 4465 1735 4511 terta
1746 4467 1806 4513 sunt
1816 4470 1933 4529 peccata.
1942 4462 2076 4532 Cooperta

1283 4552 1345 4596 suin
1358 4552 1474 4611 peecata,
1489 4553 1558 4601 tecta
1570 4556 1640 4611 snut,
1657 4547 1753 4602 abolita
1768 4560 1839 4604 sunt.
1851 4550 1879 4607 Si
1891 4553 1955 4607 texit
1966 4565 2075 4624 peccata

1284 4632 1369 4698 bens,
1392 4635 1475 4691 noluit
1494 4626 1646 4704 advertere;
1666 4642 1687 4694 si
1708 4642 1791 4697 noluit
1812 4640 1962 4711 advertere,
1987 4648 2077 4706 noluit

1282 4725 1509 4793 animadvertere3
1520 4729 1542 4784 si
1551 4729 1861 4800 noluitanimadvertere,
1873 4737 1957 4792 noluit
1967 4741 2074 4809 punire3

1283 4816 1305 4869 si
1320 4817 1404 4871 noluit
1418 4819 1521 4888 punire,
1538 4821 1622 4876 noluit
1640 4836 1794 4893 agnoscere,
1807 4826 1900 4882 maluit
1918 4829 2071 4900 ignoscere.

1282 4905 1354 4961 Beati
1373 4926 1478 4980 quorum
1490 4912 1600 4968 remisere
1612 4923 1671 4968 aaut
1682 4916 1835 4985 iniquitates,
1849 4928 1872 4975 et
1883 4938 1989 4992 quoram
2003 4937 2072 4980 tecta

1281 5010 1340 5054 rant
1362 5012 1473 5071 peceato.
1487 5003 1542 5060 Nec
1561 5005 1599 5060 sie
1615 5005 1766 5078 intelligatis
1789 5010 1859 5081 quod
1873 5011 1949 5082 dixit,
1962 5027 2074 5084 peccata

1281 5102 1405 5163 cooperta
1427 5098 1585 5166 sunt,quasi
1605 5098 1640 5153 ibi
1663 5100 1717 5153 sint
1739 5108 1766 5157 et
1783 5102 1880 5158 vivant.
1904 5105 1985 5160 Tecta
2006 5122 2075 5180 ergo

1282 5193 1388 5254 peccata
1411 5202 1492 5256 quare
1514 5187 1644 5243 drittun
1657 5204 1709 5245 non
1734 5191 1895 5249 riderentur.
1910 5194 1978 5262 Quid
1997 5199 2074 5256 enirn

1282 5284 1338 5329 erat
1354 5275 1400 5331 bei
1418 5277 1507 5332 ridere
1527 5281 1707 5349 pereamust
1721 5284 1815 5351 punire
1832 5285 1958 5356 peccata?
1971 5287 2006 5345 Ut
2021 5305 2074 5344 no-

1281 5367 1350 5421 veris
1364 5369 1424 5438 quia
1446 5368 1497 5424 hoc
1517 5382 1559 5424 est
1575 5370 1620 5426 bei
1640 5372 1730 5428 uidere
1753 5386 1871 5444 peccata,
1888 5378 1958 5448 quod
1974 5381 2075 5449 punire

1281 5468 1398 5526 peccata,
1412 5458 1474 5529 quid
1484 5461 1508 5515 ei
1522 5460 1635 5515 dicitnr?
1650 5463 1737 5518 Abale
1748 5465 1918 5535 [ueieutlnonr
1930 5486 1946 5522 a
1958 5473 2072 5540 peccora

1281 5552 1341 5605 uteie
1354 5551 1437 5624 (Paul.
1450 5569 1473 5616 ι,
1485 5554 1539 5623 Η).
1553 5553 1660 5609 neceam
1681 5571 1743 5625 ergo
1757 5567 1800 5613 tua
1814 5575 1867 5615 non
1879 5561 1978 5628 vident,
2001 5577 2029 5618 ιιι
2045 5575 2073 5622 tn

1280 5643 1377 5697 rideat.
1392 5644 1530 5712 Quornudo
1553 5655 1578 5699 te
1591 5646 1697 5702 videat?
1709 5650 1848 5715 Quantodo
1862 5652 2070 5725 Nntbauaelern,

1281 5736 1344 5791 Cum
1355 5754 1419 5792 erret
1431 5739 1476 5792 aab
1488 5738 1577 5793 arbore
1587 5738 1638 5808 fici,
1647 5742 1698 5795 uidi
1709 5752 1741 5796 te.
1750 5741 1849 5799 Umbra
1862 5745 1904 5801 liei
1920 5763 1972 5802 non
1986 5749 2070 5820 impe·

1279 5827 1345 5882 divit
1358 5828 1450 5883 oculos
1465 5829 1654 5885 misericordia
1669 5832 1724 5886 [lei.

1315 5919 1359 5974 lb.
1379 5917 1434 5974 Nee
1448 5931 1485 5974 eet
1498 5921 1525 5975 in
1545 5938 1587 5976 ore
1609 5923 1664 5992 ep‘rrr
1677 5924 1760 5981 dolas.
1778 5925 1814 5981 at
1831 5943 1895 5983 reru
1916 5929 1959 6001 qui
1971 5932 2073 5987 nolunt

1280 6077 1352 6132 beat:
1366 6086 1392 6126 et
1408 6090 1593 6141 prosequuntur,
1608 6080 1762 6145 intelligentia
1774 6091 1877 6141 matur,
1895 6097 1942 6137 ete.
1955 6095 1983 6141 tt
2000 6097 2070 6152 libb,

1279 6141 1360 6190 verbis
1370 6138 1419 6190 illis
1427 6144 1529 6204 alluens,
1539 6148 1628 6204 terunt,
1640 6146 1801 6210 trraellr'penlt'oe
1811 6155 1915 6200 ιοιιιιιιι.
