5025 6925
403 733 450 790 161

404 846 438 902 de
460 861 491 901 se
508 845 696 902 demortstraril
723 860 731 897 ι
758 842 831 898 novit
851 849 937 896 autem
950 840 1081 895 Sanctitas
1094 837 1188 893 Vestra

405 947 484 1006 raptu
506 948 624 991 nestrum
643 950 701 990 csse
724 933 862 988 hominum
880 940 997 986 nastrum
1010 929 1099 985 lesum
1113 929 1189 983 cart·

404 1040 494 1094 stum,
515 1042 659 1096 omnesque
680 1025 716 1079 illi
739 1025 902 1078 eohaerentes
917 1020 1035 1075 membra
1049 1020 1190 1074 esseillius

406 1120 515 1191 eapitis;
529 1118 638 1188 ejusque
651 1131 740 1170 racem
753 1115 807 1184 iam
822 1114 924 1168 habetis
935 1112 1111 1177 notissimam,
1123 1124 1186 1180 quo·
1226 1132 1230 1141 ·

405 1216 476 1268 aiam
489 1226 541 1265 nan
552 1226 584 1265 ex
597 1210 655 1264 sola
668 1208 763 1276 capite,
777 1205 823 1261 sed
839 1205 918 1260 etiam
932 1219 965 1259 ex
978 1218 1089 1271 carpere
1102 1202 1187 1271 lrrqni-

405 1313 465 1370 lur;
477 1317 609 1372 ratesque
618 1299 675 1370 ejus
684 1315 735 1353 nen
746 1308 846 1352 tantiam
855 1298 940 1366 ipsum
950 1295 1087 1348 llontinntn
1098 1292 1187 1348 Jesttm

403 1394 549 1458 Christum,
564 1393 608 1463 qui
622 1391 676 1462 jam
688 1388 806 1444 ascendit
821 1388 846 1441 in
858 1388 973 1452 coelutn,
988 1385 1030 1440 rcl
1042 1385 1190 1455 signillcant

404 1485 447 1540 vel
461 1483 616 1555 pradicant,
628 1479 762 1536 sedetiam
775 1480 832 1548 ejus
843 1479 958 1533 membra
967 1485 1045 1544 capnt
1054 1476 1189 1545 proprium

404 1578 549 1632 secutura¹z
564 1586 737 1642 agnoscamus
757 1571 799 1624 hie
820 1584 871 1622 nan
891 1567 976 1622 salum
993 1568 1063 1621 illius
1077 1579 1188 1631 uocem,

403 1665 495 1721 sedet
513 1674 642 1719 nostram.
659 1663 693 1717 Et
712 1676 790 1717 nerno
806 1661 875 1714 dicat
888 1657 958 1730 qnod
971 1657 1050 1711 hodie
1064 1658 1090 1711 in
1106 1656 1189 1711 tribn-

404 1755 504 1811 latione
517 1755 668 1825 passionum
684 1768 735 1806 nan
748 1766 848 1806 stratus.
861 1750 971 1820 Semper
982 1750 1067 1803 ¹enim
1081 1746 1191 1801 autlistis

404 1846 466 1912 hac,
481 1846 542 1917 qnia
557 1844 609 1899 illis
623 1843 785 1912 temporibus
805 1841 922 1897 Ecclesia
945 1840 1017 1910 qnasi
1041 1836 1189 1892 tota-simul

404 1940 600 2011 impellebatur,
615 1946 780 1992 nuneanlent
794 1935 969 2005 persingulas
984 1941 1108 1987 tertiatur.
1123 1929 1202 1984 alti--

404 2022 482 2102 'gatus
493 2039 533 2085 est
547 2027 797 2100 quidem-diabolus,
812 2042 844 2081 ne
859 2024 937 2080 iaciat
951 2032 1077 2095 qrrantnm
1094 2029 1188 2090 potest,

406 2139 442 2178 ne
456 2121 533 2178 iaciat
546 2129 672 2192 quantum
690 2120 761 2184 rnlt;
782 2127 869 2173 tamen
889 2126 988 2171 tantum
1004 2124 1106 2170 tentare
1123 2114 1189 2168 sini·

408 2214 708 2285 tur,quantnmexpedit
717 2211 922 2283 proheientibns.
933 2209 989 2265 llon
1000 2209 1074 2263 nuliis
1085 2207 1190 2278 expedit

408 2320 467 2361 esse
485 2309 542 2361 sine
558 2303 745 2360 tentationibus
761 2319 768 2358 :
783 2316 833 2356 nee
846 2314 969 2370 rogemus
988 2300 1070 2354 llenm
1091 2308 1120 2352 nt
1138 2311 1190 2353 iton

407 2408 549 2462 tentemur,
563 2396 609 2453 sed
623 2405 652 2451 ut
665 2411 716 2451 tran
727 2394 881 2449 inducamur
895 2392 921 2446 in
935 2390 1116 2446 latitationem.

440 2490 468 2542 2.
484 2485 559 2561 [aera.
572 2485 613 2560 Ξ.)
628 2487 748 2542 Dicamus
760 2491 862 2554 ergoet
876 2497 923 2536 nes
938 2500 945 2535 :
961 2480 1082 2543 Exaudi,
1097 2478 1187 2546 Deua,

406 2577 545 2633 arationem
557 2571 647 2641 meam,
664 2576 724 2629 duat
734 2574 859 2628 tribular’
873 2589 880 2625 ι
894 2588 910 2624 u
923 2572 1011 2624 timere
1024 2570 1121 2624 irtitnier'
1133 2584 1191 2622 erue

405 2671 517 2725 unitatem
536 2685 627 2722 ateotu.
647 2666 793 2722 Surierunt
808 2663 905 2718 inimici
926 2662 952 2716 in
967 2672 1112 2732 martyres;
1128 2658 1190 2728 quid

405 2763 499 2818 orabat
512 2762 561 2816 ista
575 2776 625 2815 rex
639 2760 758 2830 eorporis
771 2756 885 2813 Christi?
897 2756 952 2811 llae
962 2754 1063 2820 arabat,
1075 2761 1105 2806 nt
1114 2767 1187 2808 erue·

405 2865 498 2911 rentur
509 2856 545 2910 ab
557 2853 683 2917 inimicis,
709 2860 736 2906 et
754 2866 806 2905 non
819 2864 865 2905 eas
879 2857 986 2919 possent
1002 2845 1123 2901 occidere
1138 2844 1189 2898 ini·

405 2947 478 3001 arici.
498 2947 567 3015 Erga
579 2943 695 3000 exauditi
710 2958 762 2997 nen
777 2952 857 3005 sunt,
877 2940 937 3011 quia
961 2937 1041 2993 occisi
1063 2946 1141 3003 sunt;
1164 2945 1191 2992 ct

404 3036 521 3092 deseruit
536 3036 606 3091 bens
617 3034 745 3090 contritas
757 3032 839 3088 eorde
852 3045 943 3086 serras
956 3046 1028 3097 sutus,
1041 3038 1070 3100 et
1082 3043 1191 3099 speran-

404 3135 446 3183 tes
463 3126 489 3183 in
509 3143 539 3183 se
557 3126 694 3198 despexit?
707 3126 792 3180 hbsit.
808 3122 870 3190 Quis
882 3124 949 3177 enirn
962 3122 1083 3175 iuaeeaar't
1101 3119 1191 3174 Domi·

403 3236 476 3287 amn,
487 3230 510 3274 et
520 3220 652 3272 derelictus
665 3218 720 3271 eet?
732 3218 787 3285 quit
801 3218 909 3284 sperauit
922 3215 948 3267 iu
959 3230 1026 3281 eura,
1042 3221 1065 3267 et
1079 3213 1190 3266 deterius

403 3318 441 3364 ert
452 3308 483 3361 alt
495 3324 524 3362 ea
540 3306 633 3378 (dccli.
650 3322 679 3375 n,
697 3306 738 3369 tl,
755 3305 823 3374 {apt
837 3302 1052 3366 Exarrdiebautur
1065 3317 1148 3371 ergo,
1162 3311 1190 3357 et

403 3398 610 3464 occidebantur,
624 3405 752 3453 ettamen
772 3396 806 3451 ab
825 3394 938 3451 inimicis
952 3394 1122 3450 eruebantur.
1138 3392 1189 3448 lilii

404 3492 529 3546 timentes
540 3490 751 3556 consentiebant,
765 3499 791 3544 et
804 3487 940 3552 virebant,
955 3497 982 3542 et
995 3497 1081 3541 tamen
1093 3485 1143 3556 ipsi
1155 3485 1190 3542 ab

403 3583 518 3638 inimicis
536 3583 755 3638 absorbebantur.
772 3579 858 3636 Occisi
875 3580 1046 3645 eruebantur,
1067 3580 1189 3635 viventes

402 3676 620 3732 absorbebantur.
637 3674 701 3729 lnale
722 3683 764 3729 est
788 3683 816 3729 et
838 3674 883 3727 illa
904 3688 954 3727 vox
978 3671 1188 3742 gratulationis:

405 3766 522 3821 Fortiter
534 3767 600 3821 uiuat
609 3766 790 3820 absorbuissent
804 3781 849 3819 aaa
864 3763 947 3834 (Paul.
956 3770 1046 3823 exstit:
1060 3763 1098 3832 5).
1114 3761 1189 3816 hlnlti

401 3857 531 3928 absorpti,
546 3866 573 3914 et
586 3858 637 3912 riri
653 3856 784 3925 absorpti;
800 3856 873 3910 inulti
887 3855 983 3909 rtrortui
997 3853 1124 3924 absorpti.
1137 3853 1187 3921 Qui

401 3958 561 4020 putaverunt
576 3949 680 4002 irtanem
695 3962 754 4002 esse
774 3946 852 4000 lidcrn
869 3945 1063 4010 christianam,
1092 3944 1187 3998 mortui

401 4040 520 4109 absorpti
530 4047 606 4094 sunl:
615 4038 659 4108 qui
670 4046 757 4091 autent
771 4037 885 4090 seientes
894 4036 1032 4105 veritatem
1045 4049 1106 4089 esse
1120 4049 1190 4101 praa-

401 4132 560 4186 dicationem
567 4127 853 4199 Erarrgelii,(1lrristum
866 4140 925 4180 esse
941 4124 1033 4178 Filium
1043 4124 1087 4178 liei
1098 4124 1187 4178 scien·

401 4234 452 4290 tes,
465 4233 493 4278 et
501 4223 552 4277 hoe
564 4222 713 4283 eredentes,
723 4226 750 4273 et
759 4218 810 4274 hae
822 4219 892 4272 intus
907 4225 1036 4277 tenentes,
1050 4225 1188 4270 cesserunt

400 4322 491 4369 tannen
501 4313 680 4378 doloribus,et
689 4311 766 4365 idolis
778 4308 1003 4372 sacrihearerunt,
1011 4307 1061 4361 riri
1070 4306 1186 4376 absorpti

401 4416 474 4460 sunt.
485 4405 524 4460 llli
537 4404 654 4473 absorpti
672 4386 744 4467 sinu,
763 4402 823 4471 quia
837 4399 950 4463 martui;
964 4398 1001 4452 illi
1015 4407 1103 4452 autern
1125 4398 1185 4467 grtia

400 4495 645 4566 absorpti,martui.
656 4493 713 4548 Nan
722 4493 792 4548 enim
803 4489 918 4559 absorpti
932 4488 1020 4544 virere
1034 4497 1185 4557 potueruut,

400 4587 522 4658 rpuatnsis
535 4586 586 4639 viri
598 4584 815 4639 absorberentur.
829 4581 898 4650 Erga
913 4579 964 4633 hoe
978 4589 1037 4633 orat
1050 4595 1099 4632 rex
1113 4594 1185 4634 naar-

400 4691 501 4753 tyrum,
515 4680 536 4732 A
551 4679 639 4733 timore
650 4675 744 4731 inirriei
759 4689 816 4727 aare
832 4672 942 4725 animaru
961 4687 1042 4724 ntemn
1060 4687 1069 4724 :
1091 4686 1144 4724 non
1158 4679 1187 4725 ιιι

400 4788 444 4827 rne
459 4787 511 4826 nan
530 4769 634 4826 oecion
651 4767 783 4829 inimicus,
799 4763 846 4820 see
862 4773 891 4818 ut
915 4777 967 4816 nan
992 4762 1098 4829 timeam
1113 4764 1185 4816 ecci·

399 4863 507 4920 dentem
520 4862 666 4916 inimicum.
683 4859 737 4926 liae
748 4865 806 4911 erat
816 4857 842 4909 in
852 4855 956 4910 Psalmo
964 4853 1066 4921 impleri
1080 4866 1183 4916 serras,

398 4956 471 5028 qttad
484 4954 564 5010 meda
574 4952 682 5023 jubebit
697 4951 722 5004 iu
734 4947 877 5018 Evangelio
886 4946 1021 5001 bominus.
1030 4944 1096 5011 Quid
1107 4943 1186 5000 inodo

397 5046 658 5121 jubebatbaminus‘l
667 5043 753 5098 Nolite
761 5044 894 5095 tintereeet
903 5040 945 5111 qur·
954 5054 1046 5109 corpur
1056 5038 1182 5101 occidunt,

397 5145 510 5198 enimam
523 5149 606 5195 autern
625 5155 674 5192 nau
694 5143 796 5206 potsunt
815 5132 944 5195 occidam
964 5129 1009 5184 aed
1022 5146 1080 5184 eum
1102 5129 1185 5199 petius

398 5236 482 5289 timete
493 5233 537 5304 qni
551 5233 623 5285 liutet
639 5236 792 5301 potettateur,
806 5233 830 5278 et
841 5224 962 5284 animent,
983 5230 1006 5279 et
1024 5237 1117 5289 corpur
1137 5236 1182 5273 ae-

396 5326 481 5380 cidere
501 5324 528 5378 in
545 5322 658 5395 gehenna
671 5320 736 5391 ignit
748 5317 854 5387 (ilarii.
870 5331 904 5380 x,
918 5315 975 5381 18).
992 5314 1025 5368 Ει
1037 5312 1159 5382 repetivit
1174 5327 1181 5366 ε

396 5415 441 5472 lta
459 5416 516 5470 diro
532 5413 617 5478 aabit,·
630 5428 687 5465 euru
703 5410 784 5463 tiuute
799 5406 872 5480 (Lae.
891 5422 936 5468 ru,
951 5406 989 5474 5).
1004 5404 1053 5470 orti
1065 5402 1182 5472 stratoni

395 5524 494 5580 eorpus
507 5504 647 5563 occidunt?
661 5501 772 5557 inimici.
788 5498 855 5567 Quid
866 5498 972 5567 jnltebat
987 5496 1132 5551 Dominus?
1144 5495 1183 5551 Ne

396 5606 563 5659 timerentur.
581 5597 678 5654 Oretrrr
691 5609 755 5664 ergo
778 5602 806 5647 ut
830 5599 935 5661 praestet
962 5589 1033 5660 quad
1053 5589 1137 5658 jubet.
1159 5589 1182 5641 A

395 5698 485 5750 timere
498 5692 593 5748 inimici
607 5705 665 5744 erue
676 5688 786 5740 amarem
799 5699 887 5736 meunt.
904 5681 974 5736 lirae
990 5696 1033 5736 nte
1052 5697 1066 5733 a
1087 5680 1181 5734 timore

396 5787 506 5852 ittintiei,
532 5794 560 5840 et
580 5781 663 5837 miltrle
685 5776 771 5834 timeri
793 5783 849 5829 ιιιιι.
868 5773 924 5828 Νιιιι
940 5775 1045 5829 timeam
1060 5788 1121 5828 eum
1134 5773 1178 5842 qui

395 5875 621 5950 carpusoecitli13
635 5870 682 5927 sed
701 5871 807 5924 timeam
822 5882 882 5922 eunt
897 5866 941 5936 qui
961 5865 1041 5920 hahet
1062 5872 1178 5934 patesta-

428 6059 436 6090 ¹
454 6056 549 6106 sune.
561 6050 663 6109 tttdd,
673 6059 756 6112 snpra.
1040 6098 1046 6109 ·

427 6120 438 6150 ¹
456 6117 520 6175 nid,
532 6128 586 6164 eum
595 6114 720 6174 deprecor.
730 6115 759 6159 tt
774 6117 860 6158 omnes
870 6110 933 6166 alsa,
945 6101 1004 6154 dunt
1014 6098 1113 6153 tribulor
1128 6109 1137 6151 .·
1153 6106 1179 6150 et

392 6176 430 6232 ric
441 6179 539 6242 legebat
549 6174 658 6226 ltilartua.

946 725 1141 787 etttttltatm
1160 724 1192 779 ttl
1212 724 1374 788 Pshhhtltt
1391 730 1481 787 lxllt.

1974 740 2026 799 'th

1244 853 1296 899 tem
1311 855 1335 899 et
1350 860 1446 915 eorpus
1473 857 1500 903 et
1514 847 1628 902 animam
1641 849 1761 906 ateidere
1774 850 1800 905 in
1814 849 1933 921 gehenna
1947 852 2025 922 ignis.

1242 936 1298 991 Non
1313 940 1383 992 enim
1397 954 1412 993 a
1428 940 1523 996 timore
1535 941 1596 995 nola
1610 956 1670 997 esse
1685 943 1825 1007 immunis;
1840 943 1916 999 seda
1932 946 2027 1003 timore

1241 1025 1340 1080 inimici
1356 1027 1431 1091 liber,
1447 1028 1496 1084 snb
1511 1031 1605 1084 timore
1620 1032 1722 1087 homini
1736 1048 1838 1088 seruus.

1277 1117 1303 1171 3.
1318 1113 1393 1188 [uere.
1407 1116 1447 1191 5.]
1458 1118 1594 1175 Prateeiati
1611 1138 1675 1176 mee
1689 1133 1809 1176 conuentu
1819 1124 2026 1193 atolipnontiuat,

1241 1220 1258 1257 a
1272 1206 1430 1262 rarultiludine
1443 1211 1599 1277 operantium
1611 1212 1774 1282 iniquitatem.
1782 1212 1840 1268 lam
1851 1215 1936 1283 ipsum
1948 1224 2027 1285 capnt

1242 1309 1362 1354 nostrum
1378 1300 1536 1357 intucamur.
1551 1303 1624 1357 hiulti
1639 1315 1768 1373 tractares
1784 1307 1844 1361 tolia
1857 1308 1926 1376 passi
1941 1318 2025 1363 sunt:

1241 1389 1288 1444 sed
1309 1390 1373 1445 nihil
1393 1393 1430 1446 sic
1447 1392 1535 1448 eltteet
1552 1396 1685 1463 quomoda
1705 1406 1783 1466 capnt
1807 1408 1969 1470 martyrum:
1990 1398 2026 1454 ibi

1241 1480 1558 1554 meliusintnemurqaod
1575 1486 1610 1539 illi
1627 1489 1728 1563 expepti
1749 1499 1818 1542 sunt.
1834 1490 1971 1545 Proiectus
1985 1500 2027 1546 est

1242 1572 1445 1630 amnltitndine
1468 1575 1685 1645 malignantium,
1714 1588 1867 1649 protegente
1895 1595 1925 1636 se
1949 1581 2002 1637 heo
2013 1618 2026 1651 2

1242 1672 1396 1733 protegente
1415 1680 1522 1720 carnem
1545 1683 1619 1721 suam
1635 1670 1692 1737 ipsa
1706 1668 1774 1724 Filio
1788 1680 1814 1725 et
1827 1670 1934 1727 homine
1947 1678 2026 1741 quern
2120 1724 2124 1731 .

1241 1750 1350 1823 gerebat
1365 1773 1371 1809 :
1386 1757 1446 1825 quia
1468 1756 1548 1811 Filius
1565 1757 1677 1812 heminis
1696 1768 1751 1823 est,
1766 1768 1793 1814 et
1808 1759 1889 1814 Filius
1902 1761 1948 1815 Dei
1961 1772 2002 1816 est
2016 1777 2025 1827 ;

1242 1843 1326 1899 Filius
1337 1845 1382 1900 [lei
1396 1840 1503 1914 parapter
1514 1846 1624 1902 bicinam
1638 1850 1692 1905 bel.
1703 1850 1785 1905 Filius
1794 1850 1907 1905 honrinis
1921 1861 2028 1921 prepter

1242 1933 1353 1990 larmam
1367 1937 1437 1991 serri
1452 1936 1578 2009 (Philipp.
1595 1940 1732 2011 inbelli:
1746 1941 1846 1997 hahens
1861 1942 1887 1996 in
1898 1951 2027 2012 potestate

1242 2040 1342 2097 ponere
1354 2026 1467 2080 anirnam
1481 2044 1565 2091 snam,
1582 2038 1609 2084 at
1622 2032 1739 2101 recipcre
1751 2048 1809 2087 eam
1824 2032 1912 2103 (deun.
1926 2050 1954 2096 x,
1970 2032 2025 2102 18).

1241 2116 1314 2185 Quid
1323 2117 1347 2171 ci
1361 2127 1504 2185 patuerunt
1516 2117 1602 2173 lacere
1616 2119 1713 2175 inimici
1723 2120 1735 2174 ‘l
1747 2120 1906 2176 Occiderant
1918 2137 2025 2195 eorpus;

1242 2210 1356 2263 animam
1377 2227 1428 2264 nou
1445 2213 1609 2268 occiderunt.
1624 2214 1762 2269 intendite.
1777 2216 1873 2270 Parnm
1888 2231 1952 2287 ergo
1968 2224 2026 2271 erat

1242 2298 1355 2355 Domina
1368 2301 1466 2357 hortari
1482 2313 1611 2375 ntartyres
1624 2306 1717 2370 rcrlto,
1733 2306 1782 2360 nisi
1804 2306 1920 2361 hrrnaret
1933 2321 2027 2361 ctera·

1242 2388 1295 2458 ple.
1312 2389 1400 2445 Nostis
1412 2393 1455 2462 aui
1468 2403 1614 2448 contentus
1628 2405 1685 2450 erat
1698 2397 1896 2465 malignantium
1918 2396 2026 2451 luniaco·

1241 2499 1311 2550 rum,
1326 2494 1354 2539 et
1364 2496 1423 2553 qam
1439 2486 1578 2540 multittnlo
1592 2483 1658 2542 erat‘
1669 2488 1836 2556 operantium
1850 2489 2025 2558 iniquitatem.

1242 2572 1326 2639 Quam
1341 2575 1522 2644 iniquitatem?
1532 2577 1587 2645 Qua
1599 2579 1740 2633 noluerunt
1753 2578 1875 2634 succidere
1887 2580 2026 2635 ῠοιιιῑιιιιιιι

1242 2663 1332 2731 destun
1355 2665 1499 2722 Clarislnm.
1516 2666 1599 2721 l'untu
1623 2684 1700 2736 opera
1719 2670 1792 2735 hetta,
1813 2669 1906 2737 irtrpttit,
1930 2670 2027 2724 ostendi
2071 2683 2075 2692 ·

1241 2756 1331 2811 uehis:
1346 2766 1446 2826 menter
1463 2758 1530 2827 quad
1551 2758 1692 2813 humanare
1715 2760 1787 2813 tutta
1810 2761 1921 2848 aegidem
1932 2758 2026 2832 plaia..

1242 2846 1306 2919 dil?
1324 2847 1437 2903 Pertulit
1453 2864 1546 2904 amnes
1560 2849 1680 2906 iahrmns
1699 2867 1802 2917 eartrm,
1818 2852 1919 2906 curarit
1933 2866 2026 2907 torrites

1241 2937 1380 3007 languidos
1394 2955 1503 3007 eorum,
1517 2941 1671 3011 pradiearit
1688 2957 1797 3012 regnum
1817 2943 1959 3007 eoelornrn,
1974 2958 2026 2997 nan

1243 3030 1324 3085 tacuit
1337 3031 1399 3085 sitia
1414 3046 1516 3094 eornm.
1530 3043 1559 3087 ut
1572 3032 1627 3102 ipsa
1643 3033 2025 3102 potiuseisdisptlicercnt,nan

1241 3123 1360 3178 medicus
1372 3139 1387 3178 a
1402 3139 1454 3194 qua
1464 3124 1644 3179 sanabantur:
1661 3124 1701 3179 his
1711 3125 1834 3181 titanibus
1843 3119 2022 3180 curationibus

1240 3215 1299 3284 ejus
1313 3217 1417 3295 ingrati,
1433 3227 1556 3289 tanquam
1579 3218 1660 3274 mulla
1685 3216 1751 3274 labri
1773 3217 1930 3289 phrenetici,
1952 3217 2024 3273 insa·
2057 3245 2062 3256 ·

1241 3309 1345 3365 nieules
1359 3310 1385 3364 in
1399 3310 1529 3366 medicum
1543 3310 1589 3380 qni
1603 3318 1713 3366 uenerat
1730 3302 1824 3365 curare
1845 3324 1902 3375 ces,
1917 3308 2026 3379 exregi·
2045 3299 2048 3304 ’

1241 3407 1363 3455 taverunt
1377 3400 1517 3455 eartsilium
1541 3400 1668 3471 perdendi
1692 3416 1770 3467 enm;
1786 3408 1911 3472 utiquam
1928 3400 1963 3456 ibi
1979 3415 2025 3454 ra-
2070 3406 2072 3410 “

1240 3490 1326 3547 lentes
1340 3492 1454 3561 probare
1466 3502 1552 3549 utrum
1566 3507 1628 3548 rere
1643 3492 1723 3547 homo
1735 3493 1769 3546 sit
1781 3493 1826 3562 qni
1844 3490 1911 3547 mori
1922 3484 2025 3562 possit,

1240 3598 1274 3638 an
1292 3583 1388 3654 aliquid
1408 3599 1489 3654 super
1504 3583 1626 3641 hemines
1639 3585 1690 3650 sit,
1706 3594 1733 3639 et
1753 3583 1821 3639 rnori
1839 3599 1869 3639 se
1891 3598 1955 3659 aens
1968 3599 2025 3653 per·

1243 3672 1339 3727 ntittat.
1367 3673 1481 3729 Verhnm
1507 3673 1623 3744 ipsorum
1645 3675 1812 3744 agnoscimus
1840 3674 1867 3729 in
1891 3673 2025 3743 Sapientia

1239 3761 1391 3821 Solomonis
1403 3782 1410 3818 :
1426 3765 1510 3820 dlerle
1521 3766 1677 3835 turpissime,
1691 3766 1823 3836 iraquiunt,
1835 3767 2026 3820 cartdearnenrut

1239 3871 1306 3910 erant.
1322 3854 1509 3926 interrogemur
1524 3873 1599 3919 mitt,-
1612 3857 1660 3910 erit
1672 3856 1738 3909 enirn
1750 3867 1875 3926 respectus
1887 3858 1913 3910 in
1926 3874 2023 3912 aerato·

1239 3946 1312 3998 nibus
1325 3946 1395 4000 illius
1407 3962 1416 4000 .·
1427 3948 1449 4000 si
1460 3947 1525 3999 eninr
1546 3963 1602 4002 aere
1624 3946 1708 4000 Pilius
1727 3946 1775 4001 het
1795 3957 1831 4001 ert
1840 3988 1848 4013 ,
1869 3948 1953 4001 liberet
1966 3965 2022 4003 euat

1240 4034 1316 4106 (Sap.
1333 4051 1362 4098 ιι,
1375 4035 1477 4106 reso).
1494 4036 1635 4097 ¹Videamus
1647 4052 1711 4105 erga
1725 4036 1785 4106 atriti
1798 4036 1894 4091 lactina
1910 4039 1954 4092 sit.

1275 4126 1301 4179 l.
1318 4125 1391 4198 [aera.
1414 4128 1440 4192 d,
1465 4126 1505 4201 5.]
1527 4128 1592 4193 Quia
1612 4139 1763 4182 emerserant
1778 4141 1896 4198 treuguam
1909 4132 2022 4200 gladiator

1239 4217 1417 4288 linguaesuae.
1435 4216 1652 4282 libidinantium,
1671 4217 1754 4273 dentes
1767 4236 1851 4273 eornm
1865 4237 1935 4275 orate
1949 4231 1972 4277 el
1982 4240 2024 4277 te·

1238 4309 1326 4379 pittae,
1345 4318 1368 4362 et
1383 4308 1469 4380 llnpne
1484 4325 1569 4363 earum
1583 4309 1683 4379 gladius
1695 4321 1783 4365 aculus
1796 4311 1880 4382 (Ptol.
1896 4330 1956 4379 ιιι,
1974 4314 2021 4386 5),

1238 4400 1308 4471 quod
1328 4399 1391 4456 dicit
1409 4410 1436 4456 et
1455 4400 1521 4455 alius
1543 4400 1679 4471 psalmus:
1695 4402 1733 4456 sie
1747 4402 1846 4470 ethic,
1862 4403 2023 4460 Exaruerunt

1238 4502 1357 4559 turquens
1371 4492 1483 4562 gladium
1493 4491 1671 4562 linguaesuae.
1683 4491 1739 4547 h'nn
1750 4493 1839 4548 dicarit
1847 4493 1931 4550 ludaei
1943 4513 1950 4548 z
1964 4495 2021 4551 Nan

1238 4582 1384 4637 occidimus
1396 4580 1540 4637 Christum.
1554 4580 1659 4637 Etenim
1669 4593 1805 4652 propterea
1819 4599 1878 4638 eum
1891 4585 2021 4662 dederuut

1236 4673 1319 4745 judici
1331 4674 1424 4741 Pilato,
1445 4682 1474 4728 ut
1493 4675 1567 4743 qnasi
1589 4675 1640 4744 ipsi
1658 4691 1672 4728 a
1696 4684 1781 4730 inerte
1794 4675 1851 4746 ajars
1867 4676 2022 4732 viderentur

1239 4767 1380 4822 immunes.
1391 4767 1455 4822 Nam
1466 4782 1526 4821 enm
1542 4766 1651 4822 dixisset
1664 4767 1703 4823 eis
1715 4767 1824 4834 Pilatus,
1841 4766 1890 4821 l'as
1903 4785 1958 4821 ιιιηι
1976 4784 2021 4822 οι-

1237 4857 1320 4920 eidite,
1341 4856 1536 4927 responderunt
1551 4875 1557 4911 :
1573 4855 1654 4911 Nubit
1670 4874 1719 4911 naa
1734 4859 1790 4912 licet
1803 4857 1915 4913 occidere
1936 4875 2022 4929 quent·

1236 4963 1312 5017 parurn
1326 4946 1415 5016 (deon.
1431 4963 1506 5014 xrttt,
1521 4947 1576 5017 51).
1598 4946 1764 5018 iniquitatem
1788 4946 1912 5002 hicinaris
1933 4949 1973 5004 sui
1994 4950 2020 5004 in

1235 5040 1351 5110 judicem
1362 5040 1495 5095 hominem
1514 5039 1654 5095 refundere
1674 5039 1816 5094 solebant:
1833 5038 1879 5093 sed
1895 5041 2020 5111 nurrrqnid

1239 5133 1320 5188 beura
1339 5131 1455 5202 judicem
1470 5131 1696 5200 fallebantiQuod
1720 5128 1782 5184 lecit
1803 5130 1911 5196 Pilatus,
1934 5133 1959 5185 in
1986 5147 2019 5187 eo

1236 5224 1295 5294 ipso
1309 5223 1379 5294 quod
1393 5223 1472 5290 lecit,
1495 5222 1656 5292 aliquantum
1679 5221 1813 5291 particeps
1832 5219 1900 5288 luit,
1922 5223 1968 5277 sed
1993 5223 2019 5278 in

1235 5317 1433 5387 comparatione
1450 5315 1554 5373 illerum
1569 5313 1652 5368 multa
1663 5313 1718 5381 ipse
1737 5312 1911 5369 innocentior.
1926 5313 2019 5370 institit
2048 5345 2053 5354 ·

1235 5409 1311 5465 enim
1320 5417 1446 5479 quantum
1459 5406 1552 5475 potuit,
1568 5413 1596 5458 nt
1616 5404 1688 5457 illurn
1701 5419 1732 5457 ex
1748 5417 1840 5460 corum
1852 5405 1974 5461 uitantibus
1987 5405 2019 5459 li«

1235 5500 1352 5575 beraret.
1366 5496 1432 5553 Nam
1451 5503 1590 5566 propterea
1605 5492 1762 5562 flagellatum
1777 5493 1947 5562 produxitad
1961 5511 2017 5550 eas.

1234 5590 1292 5646 Non
1308 5586 1488 5660 persequenda
1502 5585 1640 5639 bominum
1656 5584 1803 5653 flagellarit,
1815 5585 1862 5641 sed
1873 5601 1963 5641 earrnn
1975 5584 2014 5639 ln·

1234 5682 1288 5739 rari
1301 5679 1451 5737 satisfacere
1465 5678 1566 5743 velens,
1582 5686 1609 5730 nt
1620 5675 1660 5730 rel
1676 5675 1715 5730 sie
1726 5675 1779 5745 jam
1794 5677 1979 5741 mitescerent,
1990 5686 2013 5731 et

1233 5776 1385 5832 desinerent
1399 5771 1467 5827 velle
1480 5770 1616 5832 occidere.
1639 5784 1697 5824 cnm
1721 5769 1877 5839 llngellatum
1898 5766 2013 5826 riderent

1233 5867 1290 5938 (ld.
1304 5881 1359 5932 xix,
1373 5864 1432 5931 t-5)
1448 5832 1529 5916 :iecit
1541 5870 1568 5916 et
1578 5861 1639 5914 hoe.
1656 5861 1690 5914 ht
1704 5859 1746 5914 ahi
1767 5867 2011 5928 perseveraverunt,

1234 5957 1317 6012 itastis
1339 5955 1412 6010 illunt
1428 5951 1524 6006 lavisse
1537 5964 1641 6016 manus,
1657 5947 1796 6003 addixisse
1810 5944 1878 6014 quad
1891 5943 1947 6013 ipse
1960 5960 2013 6002 tran

1232 6050 1347 6114 lecisset,
1357 6045 1482 6102 mundant
1498 6059 1527 6099 se
1539 6057 1623 6099 essen
1638 6049 1722 6095 marte
1735 6038 1805 6093 illias
1817 6036 2012 6108 (haitanam,

1231 6142 1278 6215 tt)
1295 6162 1301 6197 :
1317 6141 1378 6199 iecit
1393 6150 1491 6196 tarttcn.
1505 6136 1557 6195 Sed
1575 6135 1596 6191 si
1615 6146 1676 6190 reus
1688 6131 1748 6201 quia
1763 6126 2023 6195 halucinatus,
