5025 6925
422 657 474 714 iii

422 870 507 940 stragis
521 870 629 924 rcaiunt
645 865 787 922 scaudala?
809 865 913 921 Etenim
929 865 985 935 ipsc
998 865 1035 917 ait
1056 878 1064 916 a
1089 861 1214 927 Quoniam

422 961 559 1015 abundabit
573 960 703 1041 iniquitag,
716 958 860 1029 refrigescet
874 956 984 1011 ebaritas
999 953 1143 1007 multorum.
1159 951 1212 1006 Sed

317 1069 320 1074 ’
423 1054 468 1109 illa
480 1052 597 1108 Ecclesia
611 1066 672 1123 quae
684 1051 806 1107 clamata
822 1049 918 1104 linibus
930 1058 1018 1109 terrm,
1033 1046 1059 1099 in
1073 1045 1114 1099 luis
1127 1054 1168 1100 εει
1178 1043 1213 1099 de

421 1143 743 1215 quibussequiturdiceus
757 1160 763 1196 :
780 1142 830 1210 Qui
842 1152 926 1196 antem
934 1139 1126 1210 perseveraverit
1137 1152 1214 1207 usqae

421 1233 448 1289 in
465 1234 551 1303 firrent,
575 1233 617 1287 irie
637 1233 721 1288 saluus
741 1233 788 1287 erit
804 1231 909 1304 (blattis.
925 1245 997 1295 xxiv,
1021 1228 1064 1294 iii,
1081 1228 1137 1310 lb).
1160 1226 1213 1281 sed

421 1325 492 1382 trude
508 1325 710 1397 perseverabis?
727 1325 791 1393 Qum
803 1324 873 1379 sires
895 1334 946 1377 tuan
961 1321 1030 1376 inter
1044 1326 1115 1374 tarrtr
1135 1332 1213 1373 sran-

420 1419 479 1475 dala
492 1460 500 1487 ,
514 1419 585 1474 inter
607 1429 693 1474 tantas
720 1418 899 1481 tentationes,
916 1415 984 1469 inter
997 1423 1082 1466 tantas
1095 1411 1213 1481 pugnas?

421 1513 518 1583 quibus
531 1512 631 1567 viribus
643 1510 726 1565 riacis
745 1508 848 1564 bostem
866 1522 944 1578 quem
960 1520 1012 1559 non
1025 1503 1119 1558 uides?
1135 1518 1213 1556 ιιιιιιι-

421 1603 485 1673 qnid
498 1602 571 1659 tuis?
590 1603 660 1673 Ergo
672 1601 733 1674 quia
748 1615 831 1671 usqne
846 1600 872 1653 in
892 1597 988 1653 sarcula
1006 1597 1057 1651 erit
1071 1593 1214 1664 inquilinus

421 1695 536 1761 letalde,
547 1710 607 1766 qme
617 1694 653 1749 illi
667 1707 728 1763 spes
740 1701 782 1747 est
794 1699 822 1745 ιιι
837 1690 933 1745 duret?
949 1688 1084 1757 cooperiar
1104 1686 1132 1740 in
1147 1687 1214 1739 cela·

422 1798 506 1843 urente
516 1790 616 1843 alarum
628 1795 737 1841 tuarum.
758 1785 826 1839 Ecce
839 1797 921 1854 quare
932 1781 1020 1837 securi
1037 1794 1130 1835 smnus
1143 1779 1214 1833 inter

423 1886 511 1934 tantas
532 1878 700 1939 tentationes,
715 1873 800 1934 donec
814 1876 902 1931 ueniat
923 1873 982 1927 linis
1002 1871 1104 1939 saculi,
1119 1880 1146 1925 ει
1156 1886 1214 1926 ειιε-

421 1971 523 2042 cipiunt
536 1985 585 2026 nos
612 1970 709 2026 sucula
721 1978 822 2024 eterna
835 1966 911 2036 :qnia
918 1965 1087 2035 cooperimur
1102 1965 1127 2017 in
1141 1963 1213 2019 uela·

423 2073 513 2119 memo
527 2064 627 2118 alarum
650 2062 742 2132 ipsius.
766 2059 860 2116 AEstus
874 2068 916 2114 est
927 2057 1037 2121 saculi,
1054 2055 1100 2112 sed
1120 2070 1214 2126 magna

422 2157 517 2213 umbra
533 2168 575 2213 εει
591 2155 642 2211 sub
655 2156 704 2211 alis
726 2154 771 2209 Dei
787 2169 794 2209 :
809 2150 946 2225 cooperiar
957 2152 984 2204 in
1002 2151 1140 2204 veiamento
1160 2150 1215 2203 ula-

335 2291 337 2296 ·
422 2264 480 2302 l'iim
491 2258 599 2302 lttttrtttrt.

459 2342 486 2395 t.
506 2338 580 2412 [cers.
595 2337 635 2411 6.]
655 2339 779 2406 Quoniam
801 2349 840 2400 tu,
860 2335 927 2389 Deus
943 2336 964 2397 ¹,
981 2334 1106 2389 exaudisti
1119 2334 1215 2389 oratia-

423 2445 481 2486 nem
493 2446 584 2484 meam.
599 2430 683 2500 Quam
694 2428 737 2483 il
758 2442 809 2498 qua
829 2427 908 2496 coepit
921 2443 927 2480 :
941 2424 1061 2491 licendi,
1075 2424 1154 2488 Deus,
1171 2424 1216 2479 de·

424 2521 592 2591 precationem
616 2535 708 2585 mearat,
733 2518 835 2572 intende
853 2517 962 2572 orationi
983 2532 1044 2571 mete
1060 2532 1069 2571 .·
1087 2533 1103 2570 a
1123 2515 1215 2584 pinibus

423 2622 497 2667 terre
508 2612 542 2664 ad
554 2619 578 2665 te
590 2610 707 2664 clamari.
722 2609 777 2664 lloc
786 2608 820 2663 ad
834 2617 860 2663 te
874 2607 984 2662 clamari
997 2605 1116 2662 alinibus
1125 2613 1213 2661 terrae.

424 2701 487 2758 ldeo
496 2706 626 2774 cooperiar
637 2702 664 2756 iu
674 2701 813 2757 uelamento
825 2700 923 2755 alarum
938 2708 1049 2765 tuarum,
1064 2699 1123 2770 quia
1137 2714 1215 2753 exaa-

315 2823 323 2840 ·
424 2796 485 2851 disti
502 2795 700 2868 deprecationem
718 2811 808 2849 nicam.
824 2792 1005 2849 admonemur
1018 2806 1094 2863 ergo,
1108 2790 1215 2861 iratres,

424 2904 477 2944 uon
491 2903 597 2944 cessare
611 2887 722 2953 orando,
733 2885 858 2958 quamdiu
868 2894 1021 2959 tempusest
1031 2886 1214 2941 tentationum.

424 2979 523 3036 Dedisti
535 2979 705 3035 baretfitatem
714 2979 857 3033 timentibus
868 2995 958 3033 nanum
968 2988 1048 3032 tuam.
1060 2978 1216 3034 Persevere-

424 3088 486 3129 mus
498 3088 562 3143 ergo
575 3073 602 3128 in
618 3073 712 3128 timore
725 3070 841 3126 nominis
852 3070 899 3127 Dei
916 3087 924 3124 t
939 3079 1055 3125 aeternus
1071 3069 1151 3125 Pater
1163 3084 1216 3125 non

424 3180 475 3223 tros
490 3166 565 3222 lallit.
580 3165 714 3223 laborant
725 3165 782 3232 lilii,
798 3173 827 3220 ιιι
839 3163 986 3234 suscipiant
999 3171 1138 3233 pareutum
1151 3176 1216 3217 sao·

425 3273 484 3312 rma
505 3256 696 3320 immeditatem,
715 3257 810 3328 quibus
829 3255 940 3312 mortuis
958 3255 1108 3311 successuri
1129 3255 1217 3310 sunt?

426 3363 475 3402 uos
496 3362 548 3402 nou
561 3347 713 3403 laboramus
726 3348 849 3418 accipere
867 3345 1049 3402 hereditatem
1062 3346 1096 3401 ab
1110 3345 1155 3401 illo
1167 3346 1217 3401 Pa·

426 3452 477 3508 tre,
493 3443 536 3500 cui
559 3458 612 3500 uon
634 3444 768 3502 morienti*
781 3444 967 3513 succedamus,
987 3442 1034 3501 scd
1047 3459 1108 3501 cum
1123 3444 1169 3500 illo
1189 3444 1216 3499 ia
1245 3490 1250 3500 .

426 3535 483 3607 ipsa
499 3535 654 3592 laureditate
666 3536 693 3591 iu
706 3545 834 3595 aterrmm
849 3537 985 3592 vitamus!
1002 3537 1100 3593 Dedisti
1109 3537 1218 3592 iraredi-

426 3637 501 3682 tatem
515 3629 657 3684 timentibus
669 3646 759 3684 nonno
773 3638 852 3685 tuum.

462 3719 489 3776 8.
509 3716 584 3794 [oers.
596 3718 636 3795 7.]
654 3719 715 3777 Dies
725 3738 800 3794 snper
809 3721 862 3776 dies
872 3721 1052 3793 repisadjieies
1061 3740 1141 3777 anuos
1152 3724 1216 3794 ejus.

427 3811 476 3869 llic
489 3821 603 3884 asterga
617 3827 666 3870 rex
681 3813 759 3885 cujus
772 3814 892 3870 membra
904 3829 1007 3871 ειιιιιιιε.
1021 3815 1077 3871 liex
1096 3814 1218 3872 cbristus

426 3912 478 3971 est,
491 3913 570 3972 eaput
582 3912 713 3972 austrum,
729 3921 774 3961 rer
789 3915 889 3961 noster.
903 3906 1003 3963 Dedisti
1016 3907 1054 3963 illi
1067 3908 1126 3964 dies
1137 3923 1218 3979 super

426 3995 500 4065 dies;
523 4011 575 4051 non
590 3997 675 4052 salum
689 3996 754 4053 istus
769 3997 827 4052 dies
841 3998 866 4052 in
879 3999 929 4053 isto
943 4007 1063 4070 tempore
1077 4015 1138 4056 cum
1153 4000 1217 4067 line,

426 4087 474 4144 sed
487 4088 544 4144 dies
557 4104 638 4159 super
650 4091 715 4145 istos
728 4088 786 4145 dies
802 4089 860 4146 sine
875 4090 936 4145 tine.
961 4090 1096 4159 liabitalra,
1120 4092 1216 4163 inquit,

427 4177 453 4233 in
464 4179 539 4234 domo
546 4178 659 4245 Domini,
670 4180 697 4234 iu
707 4180 887 4252 longitudinem
898 4181 994 4237 dierum
1003 4181 1088 4252 teat.
1099 4199 1166 4250 uu,
1177 4184 1217 4255 6).

321 4330 325 4353 ς
427 4269 525 4339 Quare,
541 4273 568 4326 in
584 4272 765 4344 longitudinem
777 4274 885 4340 dieram,
898 4275 947 4329 nisi
961 4275 1022 4345 quia
1037 4275 1117 4332 modo
1131 4276 1220 4333 breui-

429 4371 470 4416 tas
490 4371 532 4417 εει
554 4361 676 4418 dierum?
689 4363 783 4418 Qumis
800 4364 872 4419 enim
896 4379 940 4420 res
955 4381 1014 4436 que
1028 4355 1107 4421 linem
1128 4366 1218 4437 babet,

430 4452 521 4507 brevis
542 4462 583 4508 cst
605 4471 613 4507 a
637 4453 684 4509 sed
697 4456 769 4526 regis
781 4456 860 4526 lustjus
872 4456 929 4512 dies
950 4471 1031 4528 super
1041 4458 1109 4525 dies,
1124 4469 1153 4514 ιιι
1165 4475 1219 4517 uon

401 4546 413 4577 '·
427 4545 523 4602 diebus
541 4546 627 4601 solum
645 4547 704 4602 istis
718 4549 917 4605 transcuntibus
935 4559 1030 4622 regnet
1048 4550 1170 4608 Christus
1192 4553 1219 4608 ia

430 4635 551 4699 Ecclesia
565 4650 631 4702 sua,
651 4635 700 4694 sed
718 4647 829 4709 regnent
840 4654 900 4695 cum
915 4640 961 4695 illo
974 4641 1058 4696 sancti
1079 4643 1106 4698 in
1126 4642 1220 4699 diebus

427 4729 481 4786 illis
492 4729 537 4801 qui
547 4744 600 4785 non
613 4728 812 4787 lrabeatllncm.
827 4731 864 4787 lbi
877 4748 947 4789 uuus
957 4732 1015 4788 dies
1029 4742 1080 4799 est,
1096 4742 1123 4789 ct
1142 4734 1219 4790 multi

428 4819 486 4876 dics
495 4826 568 4876 suut.
582 4817 649 4889 Quia
667 4820 742 4875 multi
755 4819 813 4876 dies
827 4830 899 4888 suut,
914 4822 968 4877 ‹lrxi
981 4822 1048 4893 jam,
1062 4821 1096 4877 ln
1110 4825 1220 4895 iongitu-

428 4911 514 4964 dinem
525 4911 623 4966 dierum
639 4910 724 4983 :quia
737 4925 804 4968 unus
816 4911 885 4978 dies,
900 4913 939 4969 sic
951 4912 1118 4985 intelligitur,
1135 4914 1220 4971 litias

428 5016 499 5055 nreus
521 5017 547 5056 er
568 5011 606 5070 tu,
621 5019 667 5075 ego
689 5002 764 5059 bodie
785 5003 862 5075 genui
875 5013 899 5056 te
920 5001 1005 5076 (Psoi.
1025 5019 1058 5070 ιι,
1080 5005 1219 5074 ¹1).Unum

378 5133 383 5144 .
401 5072 500 5164 ”diem
515 5092 581 5151 dixit
595 5088 670 5150 lodie
685 5094 755 5151 :sed
767 5094 817 5150 iste
830 5094 888 5150 dics
902 5109 954 5149 uon
970 5094 1076 5165 ponitur
1090 5096 1116 5150 in
1132 5096 1220 5152 media

430 5180 501 5237 inter
513 5182 665 5241 basternam
685 5197 713 5242 et
729 5188 886 5253 crastinum,
903 5199 953 5242 nec
971 5186 1074 5243 initium
1086 5188 1145 5257 ejus
1159 5189 1220 5244 linis

429 5281 473 5329 est
486 5272 615 5343 hesterni,
629 5291 681 5332 nec.
696 5275 758 5333 bnis
770 5277 828 5347 ejus
843 5276 944 5332 initium
965 5277 1084 5334 crastini.
1108 5277 1172 5333 llam
1192 5288 1221 5335 et

429 5368 492 5424 anni
508 5368 555 5424 Dei
565 5369 629 5424 dicti
644 5380 707 5426 suat
720 5389 727 5426 z
742 5371 783 5425 lu
792 5381 876 5426 autem
888 5371 955 5425 idem
967 5372 1022 5442 ipse
1030 5387 1066 5433 es,
1080 5372 1173 5428 etamri
1183 5373 1221 5427 tai

430 5477 481 5516 non
496 5460 612 5530 deficient
629 5460 714 5532 (Prot.
725 5478 767 5526 cr,
780 5462 838 5532 28).
854 5462 993 5530 Quomodo
1007 5462 1080 5527 anni,
1095 5461 1134 5517 sic
1147 5463 1219 5530 dies,

360 5540 362 5547 ¹
428 5553 469 5609 sic
483 5568 552 5608 unus
564 5552 641 5617 dies,
655 5552 786 5622 Quidquid
801 5553 840 5608 ris
852 5552 920 5608 dicis
932 5555 966 5609 de
978 5555 1139 5611 eternitate.
1158 5554 1220 5610 ldeo

429 5643 559 5719 quidquid
577 5641 617 5698 ris
631 5642 707 5704 dicis,
721 5644 782 5713 quia
798 5644 924 5714 quidquid
939 5644 1051 5710 dixeris,
1073 5645 1163 5709 miurus
1175 5647 1219 5702 dt·

429 5734 539 5793 cis.Sed
552 5733 613 5791 ideo
630 5747 739 5787 successe
749 5743 788 5788 est
800 5733 994 5804 aliquiddicas‚
1006 5745 1036 5791 ut
1047 5739 1082 5792 sit
1094 5736 1163 5792 unde
1175 5752 1221 5793 co-

429 5830 498 5902 gites
510 5827 582 5899 quad
595 5842 648 5881 non
663 5834 750 5896 potest
763 5825 826 5880 dici.
849 5822 911 5880 Dies
924 5843 1001 5897 super
1010 5828 1064 5882 dies
1077 5831 1141 5898 repis
1154 5829 1220 5900 adji-

341 5980 347 5991 ,
429 5924 479 5976 cies
498 5936 579 5976 aurias
595 5919 660 5991 ejus,
675 5933 753 5988 usque
769 5916 873 5971 indiam
887 5917 1052 5986 acremotionis
1068 5930 1091 5972 et
1111 5937 1219 5990 qenero-

418 6148 445 6202 ¹1
451 6079 551 6190 'yffi
564 6083 625 6130 beas
639 6088 714 6129 neus.
735 6074 817 6138 abest,
828 6073 943 6136 racanati
955 6079 991 6125 ιι.
1010 6081 1036 6124 ει
1047 6081 1110 6135 uss..
1124 6088 1169 6128 nec
1182 6085 1218 6124 est

445 6156 452 6179 ¹
553 6175 560 6190 s

1039 649 1068 707 s.
1087 648 1269 706 recusatur
1289 651 1439 709 aurscom

362 832 368 842 ‚
423 778 702 848 tentationibusque
720 787 830 831 necesse
848 731 891 829 εειΙ
904 778 935 828 ιιι
958 770 1095 828 abundent
1114 776 1214 840 quanto

2008 664 2063 719 irbi

1269 770 1352 826 tionis.
1380 771 1564 831 Generatiunis
1590 774 1668 847 liujus
1690 786 1717 833 ει
1740 778 1918 849 generationis
1940 777 2059 834 iuturus:

1233 932 1236 939 Ι
1268 864 1445 934 generationis
1465 866 1543 935 bajus
1568 883 1628 938 quaa
1650 880 1819 939 conparatur
1844 870 1923 936 tune,
1949 882 2062 939 propter

1265 952 1338 1024 quod
1354 954 1415 1009 luna
1429 957 1556 1024 nascitur,
1568 959 1674 1025 crescit,
1690 959 1833 1027 perficitur,
1849 961 1963 1015 senescit
1974 968 2002 1014 et
2016 976 2061 1013 oc·

1267 1046 1346 1110 cidit;
1369 1048 1409 1103 sic
1421 1056 1483 1104 suut
1496 1049 1681 1120 generationes
1693 1051 1751 1106 istac
1763 1050 1890 1107 mortales
1905 1069 1911 1105 :
1928 1059 1955 1106 ει
1973 1067 2060 1122 gene·
2090 1079 2094 1084 -

1267 1139 1377 1195 rationis
1389 1156 1440 1212 qua
1451 1157 1638 1212 regeneramur
1651 1142 1831 1214 resurgendo,
1846 1153 1873 1200 et
1886 1145 2060 1216 permanebi-

1267 1245 1327 1286 mus
1349 1232 1374 1286 in
1398 1242 1526 1288 aternum
1549 1248 1609 1289 cum
1632 1234 1696 1299 Dea,
1717 1233 1823 1305 qnando
1836 1252 1889 1304 pam
1912 1251 1966 1289 non
1989 1234 2062 1289 sicut

1267 1324 1340 1388 luna,
1354 1324 1401 1380 sed
1415 1326 1485 1396 quud
1499 1326 1537 1381 ait
1550 1326 1687 1392 Dominus,
1706 1326 1776 1381 Tunc
1782 1325 1850 1398 justi
1864 1324 1995 1399 [alemant
2010 1330 2057 1380 sio

1266 1416 1342 1471 utsoi
1353 1416 1466 1488 iureque
1481 1415 1566 1473 Patris
1575 1417 1615 1472 etti
1625 1416 1731 1490 (llattb.
1747 1432 1806 1484 xm,
1818 1417 1874 1480 lbi·
1895 1418 1973 1473 Luna
1985 1417 2060 1470 enim

1266 1510 1377 1581 ligurate
1388 1510 1414 1565 in
1429 1510 1573 1581 scripturis
1588 1527 1636 1582 pro
1651 1511 1826 1567 mutabilitate
1836 1510 1916 1580 buius
1931 1510 2060 1565 mortali·

1267 1604 1330 1657 tatis
1344 1603 1458 1672 ponitur.
1476 1603 1538 1659 ldeo
1550 1602 1583 1658 ad
1594 1602 1701 1659 lericbo
1715 1603 1894 1660 descendebat
1905 1602 1952 1659 ille
1965 1602 2000 1658 ab
2013 1602 2060 1657 lc-

1266 1697 1381 1752 rusalcm
1394 1697 1438 1767 qui
1453 1697 1563 1752 incurrit
1577 1698 1604 1752 iu
1617 1697 1753 1753 latrones:
1767 1698 1827 1767 quia
1841 1696 1948 1753 icriebo
1962 1696 2060 1752 citime

1267 1790 1376 1844 verbum
1390 1797 1432 1845 est
1451 1789 1597 1856 hebraeum,
1618 1797 1646 1846 et
1669 1790 1858 1860 iuterpretatur
1874 1789 1956 1843 latine
1972 1787 2058 1843 errn.

1269 1880 1451 1938 Descendebat
1462 1896 1526 1952 ergo
1537 1892 1661 1952 tanquam
1673 1880 1708 1936 ab
1725 1880 1925 1935 immortalitate
1936 1878 1970 1933 ad
1983 1893 2058 1932 mor·

1268 1971 1396 2028 talitatem
1409 1990 1416 2026 :
1430 1982 1458 2027 et
1477 1972 1573 2027 merito
1586 1972 1612 2026 in
1626 1971 1722 2027 itinere
1733 1970 1888 2027 uulneratus
1908 1985 1924 2025 a
1945 1970 2057 2024 latroni·

1266 2063 1506 2121 busetsemirivus
1520 2064 1626 2119 relictus
1641 2070 1682 2119 εει
1699 2062 1773 2136 (lac.
1785 2079 1813 2131 rt,
1831 2062 1876 2133 ab)
1894 2061 1940 2117 ille
1960 2060 2056 2129 Adam,

1267 2169 1301 2211 cx
1313 2164 1415 2226 quaest
1425 2153 1762 2226 totumgenuslrumanum.
1771 2151 1903 2224 Ergodies
1917 2168 1996 2221 saper
2005 2151 2056 2207 dies

1266 2247 1333 2318 regis
1353 2246 1457 2317 adjicies
1471 2262 1550 2301 annos
1562 2247 1629 2317 ejus,
1649 2246 1770 2316 usquein
1790 2245 1855 2299 dior.
1878 2244 2054 2316 generationis,

1267 2337 1448 2407 generationis
1463 2336 1583 2391 mortalis
1595 2336 1706 2407 accipio.
1720 2334 1802 2406 Crrjns
1817 2334 1999 2406 generationis
2015 2334 2054 2388 al·

1267 2427 1351 2482 terius
1364 2427 1525 2482 mentionem
1536 2426 1638 2482 iecisti?
1653 2426 1754 2497 Cujus?
1766 2426 1844 2482 audi:

1303 2517 1330 2573 9.
1350 2517 1425 2591 [cers.
1445 2516 1486 2591 8.]
1507 2517 1666 2574 Pernranebit
1689 2518 1716 2573 in
1736 2527 1857 2573 aternam
1875 2518 1903 2572 in
1924 2528 2056 2588 conspectu

1268 2611 1316 2667 Dei
1326 2628 1336 2665 .·
1346 2611 1497 2667 Secundum
1505 2611 1576 2682 quid,
1589 2620 1636 2666 aut
1648 2610 1846 2682 propterqmtt
1856 2610 2056 2665 llirerieordian

1253 2712 1291 2757 et
1303 2704 1430 2757 ueritatem
1449 2704 1503 2773 ejus
1520 2703 1576 2773 qrtis
1587 2703 1694 2774 requiret
1706 2702 1749 2757 eii
1771 2702 1838 2757 Dicit
1856 2713 1884 2756 et
1899 2702 1953 2757 alio
1974 2702 2033 2758 toa»
2046 2715 2056 2759 ι

1270 2793 1399 2851 Universa
1407 2796 1454 2850 oia
1464 2795 1567 2850 Domini
1578 2794 1750 2851 misericordia
1762 2804 1787 2849 et
1798 2796 1901 2861 aeriter,
1912 2795 2057 2867 requirenti·

1268 2888 1314 2942 bus
1334 2896 1507 2943 testamentum
1523 2880 1579 2954 eius
1597 2896 1620 2942 et
1638 2887 1780 2942 testimonia
1798 2888 1853 2959 ep'rts
1873 2885 1960 2959 (Psoi.
1982 2902 2057 2954 xxm,

1269 2978 1324 3052 ill).
1339 2979 1449 3051 llagnus
1468 2994 1557 3035 sermo
1575 2978 1610 3035 de
1625 2980 1739 3035 ueritate
1753 2986 1781 3034 et
1795 2976 1995 3046 misericordia,
2008 2977 2056 3036 sed

1267 3071 1425 3129 breuitatem
1439 3072 1621 3143 promisimus.
1635 3071 1755 3127 Breviter
1763 3069 1876 3142 accipite
1889 3069 1953 3141 quid
1965 3071 2000 3125 sit
2013 3085 2058 3125 re·

1268 3162 1334 3218 ritas
1350 3170 1377 3218 et
1392 3161 1587 3227 misericordia;
1609 3161 1670 3231 quia
1689 3174 1741 3215 nou
1759 3174 1870 3231 parrum
1884 3167 1926 3215 est
1937 3159 2008 3232 qnod
2019 3159 2058 3213 di·

1268 3264 1341 3311 etum
1373 3264 1432 3320 εει,
1465 3253 1596 3310 Universae
1619 3255 1666 3309 uia
1691 3235 1799 3308 'Domini
1829 3253 2004 3309 misericordia
2034 3262 2058 3307 et

1268 3347 1370 3404 ceritas.
1385 3346 1564 3403 llisericordia
1578 3345 1695 3413 dicitur,
1714 3346 1776 3418 quia
1791 3360 1844 3402 non
1859 3348 1955 3402 merita
1967 3354 2056 3402 ιιοειιι

1269 3438 1383 3496 attendit
1411 3440 1503 3506 Deus,
1527 3438 1575 3495 sed
1603 3437 1748 3496 bonitatem
1771 3453 1866 3504 suam,
1891 3446 1923 3494 ut
1952 3448 2057 3510 peccata

1269 3532 1347 3588 nobis
1360 3531 1449 3588 omnia
1460 3530 1615 3595 dimitteret,
1631 3539 1658 3587 et
1670 3530 1750 3585 vitam
1769 3539 1896 3585 aeternam
1917 3530 2059 3599 promitte·

1269 3632 1311 3680 ret
1327 3642 1333 3677 ε
1347 3623 1445 3679 veritas
1456 3632 1556 3687 autem,
1577 3622 1638 3692 quia
1649 3636 1703 3677 non
1718 3620 1784 3677 lallit
1796 3620 1908 3678 reddere
1920 3636 1981 3693 que
1994 3635 2058 3692 pro·

1270 3717 1352 3773 misit.
1368 3718 1550 3787 Agnoscamus
1571 3715 1615 3770 bic
1637 3729 1714 3783 eam,
1738 3723 1766 3770 et
1788 3728 1837 3769 nos
1860 3713 1991 3769 iaciamus
2009 3720 2058 3768 :ut

1270 3808 1403 3881 quomodo
1413 3808 1489 3864 nobis
1503 3808 1572 3863 Deus
1586 3806 1707 3863 exhibuit
1718 3803 1927 3863 misericordiam
1941 3819 2017 3861 suam
2031 3813 2058 3860 ct

1270 3899 1407 3956 ueritatem
1429 3898 1523 3964 suam';
1548 3898 1757 3955 misericordiam
1779 3896 1939 3952 dimittendo
1953 3906 2058 3968 peccata

1271 4003 1372 4060 nostra,
1386 3983 1525 4047 ueritatem
1538 3989 1688 4047 exbibenda
1699 3990 1828 4062 promissa
1840 4003 1889 4044 saa
1901 4007 1909 4044 ι
1920 3991 1961 4047 εἰε
1974 3998 2004 4046 ει
2012 4005 2059 4045 nos

1270 4084 1398 4141 iaciamus
1410 4084 1454 4140 bic
1468 4082 1676 4139 misericordiam
1695 4091 1723 4138 et
1736 4081 1894 4147 rerimtem3
1910 4083 2066 4137 miseriem·

1270 4178 1342 4236 diam
1362 4176 1433 4236 circa
1456 4177 1587 4241 iullrmos,
1609 4175 1679 4232 circa
1702 4182 1822 4247 egentes,
1844 4175 1916 4230 circa
1940 4174 2066 4230 inimicus

1269 4270 1350 4327 etiam
1363 4278 1467 4326 nostros
1479 4286 1487 4335 ;
1499 4267 1636 4325 ueritatem
1647 4281 1699 4322 non
1709 4265 1854 4338 peccando,
1867 4282 1917 4323 nec
1931 4265 2065 4338 adiicieu·

1271 4365 1306 4423 do
1319 4372 1454 4436 peccatum
1467 4376 1547 4432 super
1560 4369 1710 4433 peccatum.
1724 4359 1854 4426 Quoniam
1876 4359 1923 4430 qui
1947 4360 2068 4416 mirlmm

1271 4458 1321 4514 sibi
1335 4456 1475 4528 pollicetur
1487 4453 1522 4511 de
1544 4451 1724 4509 misericordia
1740 4451 1798 4519 Dei,
1820 4450 1943 4523 subrepit
1962 4452 1990 4507 in
2005 4451 2074 4506 ani-

1271 4565 1344 4607 mum
1359 4548 1441 4619 ipsius
1456 4555 1486 4603 ιιι
1496 4545 1576 4602 iaciat
1595 4544 1720 4615 injustum
1741 4543 1835 4611 Deum,
1856 4553 1885 4598 ει
1904 4552 1982 4614 putet
2002 4548 2076 4614 quia

1271 4643 1294 4700 si
1306 4640 1483 4714 permanserit
1494 4632 1628 4712 peccator,
1650 4646 1678 4693 et
1692 4636 1807 4693 notuerit
1821 4635 1950 4692 recedere
1961 4636 1998 4691 ab
2012 4637 2071 4690 ini-

1271 4732 1414 4806 quitatibus
1428 4732 1493 4797 suis,
1509 4729 1599 4785 reniet
1612 4727 1667 4793 ille,
1687 4735 1714 4782 et
1727 4726 1762 4782 ibi
1784 4740 1845 4781 cum
1862 4724 2003 4795 positurus
2023 4733 2076 4781 εει

1273 4827 1317 4883 ubi
1336 4824 1411 4896 pouit
1423 4839 1515 4881 seruos
1529 4837 1591 4879 suos
1605 4821 1650 4893 qui
1664 4820 1688 4876 ei
1703 4819 1900 4890 obtemperant.
1915 4819 1951 4874 Et
1962 4818 2067 4890 jiutnm

1272 4919 1323 4975 boc
1337 4920 1398 4985 erit,
1420 4926 1449 4973 ιιι
1463 4915 1498 4973 ibi
1513 4923 1539 4971 te
1552 4921 1635 4987 ponat
1647 4919 1862 4984 perseuerantem
1882 4910 1910 4964 in
1927 4911 2067 4981 peccatis,

1268 5013 1317 5069 *ubi
1332 5012 1465 5082 positurus
1477 5019 1519 5065 est
1537 5008 1596 5062 illos
1607 5006 1652 5077 qui
1662 5011 1853 5061 recesserunta
1867 5004 1986 5072 peccatis
1996 5002 2009 5057 l
2020 5003 2063 5058 Sic

1273 5105 1313 5159 vis
1328 5102 1440 5173 injustus
1452 5115 1522 5167 esse,
1538 5108 1566 5155 ιιι
1580 5106 1607 5154 ει
1629 5097 1712 5154 bearn
1734 5094 1815 5151 iacias
1828 5095 1982 5166 iniustum?
1997 5095 2062 5163 Quid

1273 5195 1314 5250 uis
1327 5208 1390 5266 ergo
1411 5200 1566 5248 conuertere
1589 5189 1671 5245 Deum
1686 5187 1720 5243 ad
1732 5187 1895 5241 voluntatem
1916 5186 2011 5241 tuam!
2025 5185 2061 5240 'lu

1273 5296 1429 5344 εοιιιειιειε
1447 5282 1481 5339 ad
1495 5282 1657 5337 voluntatem
1672 5277 1731 5334 Dei.
1745 5276 1810 5345 Quis
1822 5285 1864 5333 est
1875 5291 1941 5350 crgo
1952 5277 2000 5348 qui
2015 5277 2061 5332 lruc

1273 5382 1346 5449 lacit,
1362 5379 1458 5435 nisiex
1472 5377 1524 5432 illis
1538 5372 1639 5445 paucis,
1653 5371 1686 5428 de
1700 5370 1796 5443 quibus
1807 5368 1906 5425 dicitur
1919 5387 1927 5425 ι
1941 5370 1992 5436 Qui
2007 5387 2061 5442 per·

1273 5472 1418 5530 averanus
1431 5484 1509 5540 usque
1520 5468 1546 5521 in
1557 5466 1642 5535 finem,
1656 5464 1697 5518 iric
1708 5462 1791 5518 saluus
1804 5462 1850 5517 erit
1863 5459 1977 5533 (datu.
1993 5478 2062 5526 artu,

1275 5568 1332 5640 ib).
1344 5565 1438 5621 llerito
1452 5573 1481 5619 ει
1492 5561 1536 5616 bic
1547 5556 1747 5614 misericordiam
1761 5564 1784 5611 et
1794 5555 1925 5610 ueritatem
1937 5555 1996 5626 ejas
2011 5556 2062 5625 quis

1274 5661 1380 5731 requiret
1396 5658 1439 5713 ei?
1460 5654 1529 5724 Quid
1548 5662 1599 5720 est,
1621 5652 1666 5708 ei?
1688 5649 1837 5717 Suiliceret,
1859 5649 1917 5721 qais
1938 5652 2065 5718 rapiant:

1273 5769 1365 5826 quare,
1380 5749 1489 5815 addidit,
1513 5748 1553 5812 ei,
1576 5744 1626 5800 nisi
1641 5744 1703 5815 quia
1724 5741 1800 5797 multi
1813 5747 1939 5811 quarunt
1958 5742 2065 5796 miseri-

1274 5845 1391 5903 cordiam
1413 5842 1471 5912 cjus
1484 5849 1511 5894 et
1526 5837 1662 5893 veritatem
1683 5832 1788 5889 discere
1801 5832 1828 5886 iu
1849 5830 1926 5886 libris
1949 5831 2027 5901 ejas,
2041 5840 2066 5885 ct

1273 5956 1335 5996 curn
1348 5935 1498 5998 didicerint,
1520 5930 1570 5985 sibi
1591 5929 1692 5989 vivunt,
1714 5940 1767 5980 non
1786 5923 1824 5978 illi
1836 5939 1843 5989 ;
1856 5936 1905 5978 sua
1919 5931 2065 5994 quaeruut,

1275 6049 1326 6089 rron
1344 6046 1402 6101 quce
1425 6026 1487 6098 lusu
1509 6023 1605 6078 Claristi
1626 6019 1753 6091 (Philipp.
1777 6032 1806 6080 u,
1828 6015 1895 6084 il);
1920 6014 2067 6086 praedicant

1276 6120 1483 6184 uriscricurdium
1495 6127 1520 6176 ct
1531 6116 1678 6183 raritatem,
1694 6121 1720 6170 ct
1734 6126 1788 6169 aaa
1799 6108 1899 6168 ludunt
1912 6108 2065 6168 misericor·
