5025 6925
893 565 897 593 Ι
940 585 942 589 .

443 666 491 725 Arii

443 790 588 855 agnoscunt
601 780 688 836 locum
706 777 803 850 qnietis
817 776 888 833 sum!
902 773 970 842 Quid
987 776 1085 845 proluit
1100 773 1152 827 illis
1164 772 1227 829 Csi-

443 874 509 947 pbss
529 874 660 932 dicendo¹
676 891 683 928 ι
697 870 751 926 Nos
762 871 784 924 si
795 871 869 927 istum
887 866 1053 948 dimiserimus
1067 866 1119 930 sic,
1132 866 1227 919 uenient

444 955 1228 1033 domuu‚rtrottmtuotr·settoeuurstruprum(turtureum

444 1058 512 1114 Ecce
531 1066 559 1113 et
577 1073 629 1112 non
645 1070 705 1111 euur
720 1052 876 1107 dimiserunt
888 1048 991 1110 simun,
1004 1057 1031 1102 et
1044 1048 1088 1102 ille
1102 1047 1185 1105 uiuit:
1201 1056 1229 1100 et

443 1160 572 1203 uenerunt
584 1146 705 1211 llouruui,
716 1144 868 1199 ettulerunt
878 1139 917 1195 eis
929 1139 1050 1218 stlocum
1063 1147 1090 1193 et
1103 1152 1226 1207 reguum.

443 1241 520 1296 blodo
539 1238 727 1297 nudiebumns,
738 1237 809 1289 'curu
824 1231 996 1303 Euangelium
1013 1230 1145 1299 legeretur
1159 1245 1166 1281 ε
1179 1225 1227 1280 de·

442 1332 566 1396 cosulem,
593 1327 749 1390 Jerusalem,
773 1323 867 1395 quoties
892 1322 960 1375 solui
984 1335 1136 1389 conprequce
1161 1318 1228 1385 tilios

443 1436 514 1487 tuos,
528 1433 645 1492 turrquom
660 1419 755 1490 quilius
769 1414 851 1488 puiios
864 1430 922 1468 suos
935 1414 979 1466 sub
992 1412 1046 1465 ulus
1063 1427 1121 1466 suus
1130 1428 1139 1475 ,·
1149 1419 1172 1463 et
1186 1425 1228 1463 uo·

442 1517 540 1574 luistii·
557 1513 623 1569 Ecce
646 1513 798 1580 relinquetur
822 1507 889 1562 coiis
914 1507 1001 1559 domus
1024 1517 1104 1558 cestro
1131 1502 1228 1555 deserto

444 1611 549 1683 (llotsb.
561 1622 637 1668 xxru,
650 1600 774 1673 strues),
788 1599 842 1654 lloc
855 1607 882 1653 et
895 1596 937 1651 lrie
949 1596 1056 1651 dicitnr:
1065 1591 1124 1647 Fiut
1135 1591 1228 1645 boiitu-

442 1705 476 1759 tio
504 1716 588 1755 eorum
611 1697 725 1757 deserto,
745 1701 769 1746 et
788 1692 816 1745 iu
838 1686 1003 1743 tabernuculis
1025 1700 1110 1739 eorum
1127 1697 1176 1735 uou
1194 1680 1227 1734 sit

441 1796 485 1867 qui
497 1792 625 1851 irdrubitct.
638 1787 697 1842 A'ou
709 1787 740 1841 sit
750 1786 792 1856 qui
801 1782 932 1843 inhabitet,
946 1779 993 1834 sed
1005 1793 1036 1833 ex
1050 1790 1161 1832 numero
1173 1774 1228 1829 illo·

441 1904 510 1944 rrrm.
520 1886 585 1942 Nam
596 1884 652 1938 loco
664 1881 707 1936 illo
719 1878 807 1935 omnis
820 1886 847 1933 et
860 1874 1010 1931 bominibus
1024 1872 1102 1943 plens
1114 1878 1186 1937 suut,
1200 1877 1228 1924 et

442 1981 540 2038 ludaris
554 1976 652 2032 innuis.

477 2073 521 2128 ll.
536 2070 610 2144 [serr.
622 2061 679 2138 Ab]
694 2065 781 2133 Quare
794 2059 866 2142 lroci
886 2056 1011 2124 Quoniam
1027 2072 1100 2126 quem
1119 2063 1147 2108 ιιι
1167 2070 1225 2124 per-

442 2164 551 2227 cussisti,
565 2161 613 2232 ipsi
628 2155 749 2230 persecuti
761 2162 829 2214 sum,
845 2159 868 2205 et
880 2166 957 2219 super
970 2146 1225 2216 doioreruuuiuerum

442 2271 553 2308 ruscorum
564 2241 728 2304 addiderunt?
746 2242 812 2312 Quid
825 2256 888 2311 ergo
901 2245 1094 2310 peccauerunt,
1109 2237 1131 2292 si
1144 2252 1157 2289 o
1173 2237 1227 2292 beo

443 2360 596 2420 porcrrssurn
613 2338 743 2410 persecuti
756 2334 838 2390 suut?
851 2332 919 2401 Quid
933 2332 1022 2386 onirno
1034 2345 1125 2386 eorum
1139 2330 1226 2399 iotpu-

444 2441 532 2497 tatur?
551 2434 658 2491 llolitiu.
679 2430 744 2485 Nom
764 2428 790 2481 iel
811 2427 837 2480 iu
851 2426 955 2480 Christo
976 2423 1074 2477 luctum
1096 2419 1226 2489 estquod

442 2532 592 2606 oportebat.
611 2525 666 2581 Pati
682 2524 771 2591 utique
785 2528 909 2582 uenerat,
925 2523 952 2571 et
972 2514 1071 2587 punivit
1088 2527 1226 2583 perquem

442 2640 537 2701 passus
549 2631 599 2676 est.
616 2616 680 2673 Nam
693 2614 774 2669 iudos
787 2611 898 2665 truditur
914 2609 1019 2678 punitus
1034 2613 1092 2668 cst,
1106 2613 1134 2660 et
1147 2604 1226 2658 Clui-

442 2727 501 2775 stus
513 2710 653 2768 eruettuus
666 2716 724 2769 est;
740 2703 787 2759 scd
800 2715 849 2755 uos
863 2699 974 2755 redemit
986 2697 1114 2767 sauguine
1128 2709 1187 2758 suro,
1200 2702 1228 2748 et

441 2806 545 2883 punivit
564 2802 638 2857 illurn
657 2798 691 2853 de
711 2796 797 2867 pretio
815 2809 874 2847 suo.
890 2790 1003 2860 Proiecit
1019 2790 1090 2843 eninr
1111 2786 1225 2857 pretium

441 2899 543 2973 argenti
555 2910 608 2967 qno
619 2892 652 2947 ob
664 2890 710 2945 illo
724 2887 851 2942 brrmtrrus
865 2883 987 2938 rerrditus
999 2890 1067 2946 erut,
1081 2893 1130 2934 uec
1142 2893 1226 2947 ugno-

441 2996 479 3049 ιιι
493 2991 604 3063 pretium
618 2998 671 3054 quo
686 2983 769 3051 ipseo
786 2976 897 3033 bomine
909 2974 1062 3043 redemptus
1074 2974 1084 3004 ¹
1097 2983 1154 3027 erat
1167 2968 1224 3041 (ld.

437 3102 522 3146 servu,
534 3082 573 3147 5).
586 3077 695 3132 Factum
710 3080 751 3128 est
763 3070 813 3125 boe
826 3070 852 3124 iu
865 3066 942 3122 ludu.
953 3066 1004 3122 Sed
1018 3080 1077 3120 eum
1088 3064 1226 3118 uideamus

440 3186 594 3233 ruerrsurom
608 3165 749 3239 quamdam
768 3177 827 3217 esse
846 3156 1024 3215 retributionis
1043 3157 1069 3210 iu
1090 3154 1222 3217 omuibus,

441 3285 490 3325 nec
507 3251 665 3336 queruquo'm
680 3272 759 3329 posse
773 3253 889 3326 permitti
905 3250 1018 3320 muplius
1035 3247 1129 3303 sevire
1145 3255 1224 3316 quum

440 3357 572 3426 occeperit
586 3359 762 3423 potestatem3
784 3343 917 3415 quomodo
939 3341 976 3396 illl
996 3339 1164 3401 addiderunt,
1179 3344 1225 3391 out

440 3465 500 3520 quse
511 3454 551 3502 est
565 3445 614 3499 isto
628 3437 763 3512 percussio
781 3433 904 3491 Domini?
923 3431 1051 3488 Nimirum
1065 3446 1099 3486 ex
1112 3443 1225 3500 persono

440 3541 545 3597 lucuurs
556 3546 596 3591 est
608 3534 665 3604 ejus
679 3528 750 3586 unde
764 3543 861 3598 corpus
874 3533 1022 3594 acceperas,
1034 3520 1104 3576 uode
1117 3535 1223 3576 curnem

429 3635 634 3699 essumpserot,
652 3623 678 3678 id
698 3631 739 3677 est
752 3619 857 3691 generis
872 3614 993 3677 bumoui,
1006 3612 1089 3682 ipsius
1102 3610 1166 3666 Ado·
1178 3609 1224 3680 qul

439 3735 582 3796 percussus
601 3724 642 3772 est
662 3714 747 3784 primo
767 3720 852 3764 morte
874 3714 983 3776 propter
996 3712 1133 3773 peccatum
1146 3716 1222 3756 surum

436 3815 517 3888 llice.
531 3829 568 3875 ιιι,
583 3807 637 3880 ts).
654 3805 777 3862 Mortales
789 3817 853 3872 ergo
872 3798 916 3854 lric
935 3797 1057 3853 lromines
1070 3811 1130 3850 eum
1146 3809 1223 3864 poeus

439 3914 584 3964 noscnutur
600 3919 607 3955 :
622 3900 682 3955 huic
696 3911 782 3968 poente
798 3893 914 3950 addunt.
928 3889 1087 3960 quicumque
1101 3886 1224 3941 homiues

439 3999 537 4056 iruerint
560 3989 701 4065 persecuti.
725 3986 783 4043 torn
810 3983 882 4040 euim
905 3980 986 4035 bomo
1013 3978 1057 4034 lric
1079 3977 1223 4031 moriturus

438 4108 492 4151 oon
505 4096 585 4152 esset,
596 4083 648 4140 nisi
662 4082 736 4137 illum
748 4079 818 4134 Deus
832 4073 1006 4146 percussisset
1020 4087 1027 4123 r
1043 4067 1106 4140 quid
1118 4083 1181 4137 ergo
1195 4076 1223 4120 tu

402 4238 406 4250 ,
439 4186 520 4240 bomo
533 4175 611 4235 sceris
624 4170 759 4244 emplius?
778 4181 906 4237 purumne
920 4163 1019 4218 bomini
1032 4169 1083 4225 est,
1094 4159 1163 4230 quod
1175 4159 1224 4213 oli·

439 4272 545 4347 quondo
557 4266 703 4325 moriturus
716 4260 776 4317 esti
796 4259 886 4314 Portet
897 4268 960 4325 ergo
978 4251 1158 4322 rumsquisqne
1172 4265 1223 4304 uo·

438 4379 525 4425 strum
546 4375 652 4434 pecuum
666 4370 742 4412 suoru
757 4372 765 4408 ι
780 4351 841 4406 buie
854 4362 940 4430 pennu
954 4346 1044 4400 uolunt
1067 4342 1164 4398 addere
1178 4342 1223 4412 qui

438 4475 488 4518 nos
501 4441 706 4528 persequuntur.
727 4445 791 4500 llaec
805 4455 882 4513 poenu
902 4436 1038 4509 percussio
1054 4443 1095 4489 cst
1107 4433 1221 4488 bomini.

378 4600 381 4606 .
439 4551 567 4609 Dominus
580 4545 677 4616 quippe
699 4537 828 4595 sententio
847 4532 976 4604 percussit
993 4529 1126 4585 lrorniuem
1141 4543 1148 4579 τ
1165 4526 1224 4594 Quo

439 4636 630 4711 dimetiendis,
645 4632 740 4702 iuquit,
755 4634 835 4682 morte
846 4622 986 4679 moriemini
1000 4621 1053 4693 (ld.
1066 4635 1100 4685 ιι,
1116 4617 1170 4688 ll).
1183 4617 1223 4674 Ex

438 4734 489 4789 lure
502 4737 588 4786 morte
607 4738 714 4780 curnem
736 4725 901 4785 susceperat,
916 4721 1031 4769 etvetus
1043 4711 1224 4765 boruouoster

438 4823 517 4880 siruul
532 4816 673 4876 crucifixus
687 4820 730 4868 est
742 4824 802 4866 curu
818 4809 863 4864 illo
877 4806 964 4876 (ilom.
980 4819 1025 4870 ur,
1041 4801 1084 4872 li).
1100 4800 1139 4855 Ex
1153 4800 1223 4855 illius

438 4930 506 4970 uoce
527 4912 577 4966 ists
598 4907 684 4962 dixit:
701 4903 781 4971 Quem
802 4909 829 4954 tu
852 4882 997 4969 peiorum
1008 4935 1016 4961 ,
1038 4892 1088 4963 ipsi
1102 4890 1223 4962 persecuti

439 5015 514 5067 suut,
532 5012 555 5058 et
570 5014 644 5071 super
657 4995 768 5050 dolorem
786 4992 917 5046 uuiumum
931 5002 1042 5041 meorum
1060 4984 1221 5038 addiderunt.

440 5099 527 5168 Super
536 5105 614 5164 quem
625 5087 744 5145 dolorem
757 5078 918 5139 uulnerum?
931 5077 1015 5147 Super
1028 5074 1146 5130 dolorem
1161 5088 1223 5145 pcc·

440 5200 560 5245 catorum
575 5180 626 5251 ipsi
640 5175 798 5231 addiderunt
812 5190 820 5226 ι
834 5171 943 5225 uulnera
963 5167 1033 5221 enirn
1048 5180 1094 5220 suu
1116 5173 1222 5232 peccota

440 5282 517 5335 dixit.
531 5274 583 5333 Sed
598 5288 631 5327 ne
644 5270 676 5326 sd
689 5275 768 5337 caput
778 5263 924 5334 respicios;
945 5260 978 5314 ud
993 5272 1089 5328 eorpus
1103 5256 1221 5320 aduerte,

443 5370 589 5430 secundum
612 5363 688 5432 cuins
701 5373 792 5414 uocem
815 5356 913 5411 dictum
936 5361 977 5407 est
995 5351 1029 5404 ab
1050 5351 1108 5419 ipso
1130 5348 1156 5402 iu
1178 5346 1223 5402 illo

440 5463 555 5538 psalmo,
570 5457 596 5513 iu
610 5468 662 5526 quo
674 5465 766 5507 uocem
787 5462 861 5502 susm
875 5444 1004 5507 ostendit,
1020 5442 1079 5512 quio
1097 5440 1154 5510 ejus
1168 5439 1224 5509 pri·

441 5569 513 5611 ιιιιιιιι
528 5563 632 5605 scrutum
646 5544 680 5599 de
701 5556 779 5598 cruce
793 5538 915 5594 clamauit
929 5553 936 5589 ι
952 5535 1033 5598 Deus,
1056 5533 1125 5587 Deus
1144 5548 1222 5593 meus,

440 5644 575 5716 respirem
589 5657 629 5695 ute
640 5655 650 5704 ς
662 5652 740 5707 qrrure
751 5649 790 5688 me
803 5629 977 5713 dereiirpu'str'?¹
997 5627 1034 5681 lbi
1048 5634 1153 5680 secuntus
1165 5624 1200 5677 :rit
1215 5640 1221 5676 ι

440 5742 528 5810 Lorrqe
547 5753 562 5787 o
580 5733 661 5786 solute
673 5744 729 5782 rutro
748 5725 821 5780 uerter
835 5720 981 5776 delictorum
1001 5734 1113 5771 uncorum
1130 5713 1222 5779 (erut.

441 5848 499 5896 nt,
510 5830 551 5899 2).
565 5825 622 5894 lpstt
636 5829 698 5874 sunt
709 5816 819 5870 vulnera
833 5813 929 5866 iullictu
944 5827 958 5862 :r
973 5808 1118 5864 latronibus
1131 5804 1157 5859 in
1171 5805 1223 5867 uio,

441 5926 465 5981 ci
482 5937 560 5991 quern
575 5914 671 5972 leuauit
684 5913 710 5966 in
729 5910 878 5980 jumentum
892 5919 968 5959 sutrim
985 5922 990 5957 :
1006 5916 1083 5974 quent
1099 5896 1225 5954 socordes

472 6079 481 6109 ¹
499 6083 561 6128 uss..
575 6063 714 6127 iiltsoipiuu
724 6058 813 6110 dicere

472 6138 484 6170 ¹
499 6144 548 6185 tmo
560 6144 623 6183 srss..
635 6124 796 6179 rodmundus.

967 659 1165 717 EA'AllilATlO
1178 660 1211 717 tl
1231 661 1389 721 esrttltbtt
1410 664 1524 752 lrxl'lll.

2012 678 2064 735 Ab!

1280 787 1307 832 et
1320 776 1430 832 Levites·
1444 788 1610 837 transcuntes
1623 782 1777 840 inuenerunt
1796 795 1821 840 et
1836 798 2063 861 contempserunt,

1280 883 1295 921 u
1309 870 1404 938 quibus
1416 871 1502 924 cursuri
1518 886 1569 925 noo
1583 874 1684 941 potnit;
1700 876 1832 931 trurrsieus
1844 888 1932 934 urrteru
1944 880 2063 936 &cruori-

1281 969 1357 1015 tuuus
1370 962 1501 1016 nrisertns
1521 964 1648 1033 esteJ'ns;
1671 969 1793 1026 occessit.
1816 977 1845 1024 et
1866 971 1891 1024 in
1913 971 2062 1040 instruentum

1280 1055 1414 1123 proprium
1430 1054 1525 1111 leuauit
1542 1055 1620 1128 (tue
1634 1074 1670 1123 x,
1684 1060 1795 1130 50-5l).
1817 1060 1962 1120 Samarites
1983 1068 2064 1124 istinc

1279 1144 1374 1199 Custos
1387 1132 1575 1214 iuterpretatur
1590 1164 1597 1200 ε
1613 1150 1672 1218 quis
1685 1159 1773 1204 untern
1788 1163 1895 1217 custus,
1910 1154 1959 1208 uisi
1972 1154 2064 1212 Ssrlr‘s-

1281 1244 1322 1290 tor
1344 1236 1470 1291 limuiuus
1489 1250 1580 1294 noster
1601 1240 1678 1295 iesus
1699 1238 1842 1298 cbristus?
1864 1245 1913 1313 Qui
1935 1248 2060 1317 quonium

1279 1328 1394 1381 srrrrerit
1406 1343 1420 1380 cr
1434 1330 1545 1384 rnortnis
1562 1331 1615 1398 jum
1635 1348 1686 1386 nou
1702 1334 1845 1416 moriturus
1861 1335 1947 1406 (dour.
1963 1354 2003 1404 vr,
2015 1338 2061 1410 9),

1280 1433 1331 1471 uon
1343 1417 1440 1473 dormit
1451 1436 1536 1492 neque
1547 1422 1696 1478 obdormiet
1706 1426 1748 1493 qui
1759 1426 1875 1481 custodit
1886 1427 1965 1484 lsrael
1976 1428 2062 1504 (emt.

1279 1524 1350 1573 cxx,
1367 1512 1412 1583 l).
1427 1510 1461 1568 Ει
1478 1529 1552 1584 super
1573 1514 1683 1569 dolorem
1706 1518 1836 1573 uutuuum
1856 1535 1968 1575 meorum
1988 1523 2064 1577 oddi-

1279 1599 1378 1655 derunt.

1315 1692 1358 1747 tu.
1375 1692 1448 1767 [oers.
1462 1694 1519 1769 Ab]
1534 1697 1639 1768 Appoue
1654 1698 1808 1770 iniquitatem
1822 1718 1897 1773 super
1909 1703 2064 1774 iniquitatem
2097 1776 2098 1779 Ἴ

1278 1783 1401 1852 ipsorum.
1424 1785 1492 1853 Quid
1506 1794 1547 1840 est
1562 1788 1633 1843 boel
1654 1789 1718 1857 Quis
1739 1805 1789 1845 nou
1811 1796 1989 1863 erpnvescotl
2009 1796 2065 1850 lieo

1278 1876 1374 1932 dicitur
1386 1896 1392 1933 :
1403 1879 1509 1950 Appoue
1520 1880 1674 1949 iniquitatem
1686 1900 1763 1955 super
1772 1871 1928 1955 iniquitatem
1941 1887 2063 1953 ipsorum.

1273 1966 1355 2024 Unde
1369 1981 1484 2039 opponet
1498 1972 1566 2027 Deus
1581 1973 1766 2043 lrriqrrirrrrerut
1785 1976 1871 2033 llubct
1882 1980 1954 2034 euim
1969 1973 2072 2050 iniqui·⁴

1278 2067 1358 2116 cutem
1373 2077 1451 2131 quum
1465 2064 1602 2133 opponat?
1615 2063 1721 2120 Seiruus
1734 2068 1804 2121 euim
1816 2083 1907 2123 uerum
1922 2085 1981 2126 esse
1994 2072 2065 2142 quod

1279 2150 1433 2207 dictumest
1454 2153 1628 2222 perpaulum
1648 2156 1818 2225 spinetulum:
1836 2158 1905 2226 Quid
1923 2177 1981 2231 erqo
1996 2162 2064 2215 dice-

1279 2242 1356 2296 mus?
1374 2244 1495 2314 numquid
1506 2246 1625 2315 iniquitas
1638 2256 1674 2301 est
1693 2247 1762 2315 opud
1774 2247 1877 2303 Decus?
1894 2249 1963 2304 Absit
1976 2251 2063 2323 (Rom.

1279 2348 1318 2399 tx,
1333 2330 1388 2406 ll).
1410 2334 1485 2390 Unde
1503 2351 1583 2406 ergo,
1599 2338 1705 2408 Appoue
1715 2340 1869 2410 iniquitatem
1883 2359 1959 2411 super
1972 2343 2065 2414 iniqui·

1279 2427 1375 2479 tutem?
1388 2426 1520 2496 quomodo
1536 2428 1561 2482 id
1574 2429 1732 2483 intellecturi
1747 2433 1859 2486 sununs?
1879 2434 1956 2487 Adsit
1970 2435 2061 2488 Domi-

1278 2530 1329 2569 nus
1341 2525 1370 2570 ut
1383 2516 1513 2604 dicamus,
1526 2528 1553 2573 et
1566 2529 1675 2591 propter
1687 2519 1865 2591 fatigationem
1879 2533 1993 2577 uestrum
2004 2525 2064 2580 bre·

1278 2608 1346 2662 niter
1361 2608 1451 2664 dicere
1466 2610 1610 2665 veleamus.
1634 2610 1760 2681 iniqnitas
1784 2612 1899 2681 ipsorum
1918 2623 1984 2681 erut,
2002 2617 2063 2685 quio

1279 2695 1414 2754 bominem
1437 2699 1537 2769 justum
1552 2702 1708 2757 occiderunt
1724 2720 1731 2757 :
1747 2704 1834 2759 addito
1850 2714 1890 2759 est
1912 2705 1980 2773 olio,
2004 2711 2063 2778 quis

1279 2792 1375 2847 Filium
1396 2792 1441 2847 bei
1463 2792 1661 2847 crucifixerunt.
1678 2793 1777 2850 Serere
1799 2795 1917 2865 ipsorum
1939 2806 2063 2867 tunqnuur

1279 2883 1304 2938 in
1328 2880 1462 2937 homiuem
1487 2884 1535 2937 luit
1559 2901 1565 2937 :
1588 2883 1636 2939 sed
1660 2884 1681 2938 si
1707 2887 1903 2955 cognovissent,
1928 2904 2062 2958 uunquam

1278 2974 1418 3030 Dominum
1434 2976 1525 3045 glorie
1537 2976 1730 3031 triscilixlssent
1743 2976 1768 3046 (l
1780 2974 1838 3032 Cor.
1852 2994 1880 3042 ιι,
1895 2977 1941 3049 8).
1957 2979 1992 3033 lili
2012 2982 2063 3034 iui-

1277 3067 1378 3137 quitute
1401 3082 1447 3121 suu
1469 3076 1593 3137 tunzprum
1609 3067 1744 3121 bominem
1761 3068 1883 3125 occidere
1900 3071 2038 3125 uoluerunt
2055 3091 2062 3127 :

1277 3162 1396 3233 opposito
1410 3171 1450 3217 est
1466 3160 1592 3232 iniquitas
1613 3176 1693 3231 super
1708 3160 1872 3231 iniquitatem
1887 3163 2019 3232 ipsorum,
2036 3172 2063 3220 ut

1278 3248 1376 3307 Filirun
1389 3251 1435 3306 Dei
1455 3250 1650 3322 crucifigerent.
1666 3251 1731 3318 Quis
1748 3250 1818 3306 bono
1839 3250 2002 3321 iniquitatem
2017 3270 2064 3323 :rp-

1277 3344 1386 3416 posuit?
1411 3343 1457 3400 llic
1482 3345 1525 3413 qui
1547 3344 1616 3399 dixit
1640 3360 1647 3397 ε
1670 3342 1747 3398 Forte
1770 3343 1943 3397 reverebuntur
1966 3343 2062 3399 Filium

1276 3453 1378 3503 meum;
1391 3436 1474 3508 ipsum
1489 3435 1586 3490 mittum
1598 3433 1703 3507 (dorsu.
1717 3434 1839 3523 nundi).
1852 3434 1979 3492 Solebunt
1991 3438 2061 3492 eninr
2106 3502 2109 3509 1
2191 3487 2193 3495 .

1276 3531 1399 3588 occidere
1419 3530 1516 3584 missos
1537 3528 1570 3583 sul
1586 3544 1616 3584 se
1635 3543 1748 3596 seruos,
1763 3537 1902 3584 exactores
1924 3529 2062 3584 locutionis

1276 3633 1356 3695 utque
1368 3621 1509 3678 mercedis.
1518 3620 1589 3676 llisit
1599 3621 1685 3691 ipsum
1699 3619 1806 3689 Filium,
1817 3631 1846 3676 ut
1857 3631 1884 3676 et
1896 3621 1981 3691 ipsum
1992 3623 2063 3677 oeci-

1276 3714 1380 3770 dereot.
1394 3712 1526 3783 Apposuit
1537 3711 1703 3783 iniquitatem
1718 3727 1799 3782 super
1812 3711 1978 3782 iniquitatem
1992 3713 2062 3783 ipso-

1274 3822 1344 3862 rum.
1360 3806 1394 3861 Et
1414 3805 1471 3860 lraec
1494 3805 1564 3859 Deus
1586 3801 1719 3859 seuiendo
1740 3802 1810 3867 iecit,
1826 3817 1859 3856 un
1882 3803 1971 3872 potius
1990 3804 2061 3871 juste

1275 3896 1465 3955 retribuendo?
1481 3894 1540 3950 Fiat
1554 3894 1701 3959 culmillis,
1716 3893 1811 3963 iuquit,
1825 3894 1852 3946 iu
1863 3894 2060 3958 retributionem,

1276 3991 1337 4045 etin
1349 3987 1509 4043 scandulum.
1523 3984 1608 4040 Meriti
1622 3991 1699 4040 erant
1711 3983 1750 4038 sic
1763 3985 1908 4049 exsecari,
1923 3993 1952 4038 nt
1963 3984 2059 4039 Filium

1276 4080 1321 4135 liei
1344 4093 1398 4134 non
1417 4082 1601 4149 agnoscerent.
1625 4074 1658 4129 Et
1673 4073 1724 4130 lroc
1745 4066 1810 4128 lecit
1830 4073 1910 4140 Deus,
1924 4088 2060 4145 apponens

1275 4168 1440 4238 iniquitatem
1462 4181 1542 4236 super
1562 4164 1726 4236 iniquitatem
1740 4163 1875 4234 ipsorum;
1898 4179 1951 4219 non
1963 4166 2059 4220 uulne-

1275 4260 1370 4322 rsndo,
1393 4258 1440 4315 sed
1460 4272 1512 4314 nou
1526 4246 1658 4313 sanando:
1678 4255 1817 4324 Quomodo
1838 4256 1908 4311 enim
1923 4271 2003 4328 suges
2020 4256 2059 4312 le·

1275 4353 1366 4418 brem,
1380 4365 1463 4422 surges
1476 4349 1616 4413 morbum,
1629 4362 1681 4404 non
1695 4346 1817 4401 morbum
1830 4345 1996 4410 udbibendo,
2012 4347 2059 4402 sed
2073 4421 2079 4427 ⁸

1249 4479 1253 4488 ι
1275 4461 1328 4502 norr
1346 4441 1547 4499 succurrendo:
1563 4441 1602 4496 sic
1622 4440 1683 4511 quis
1706 4439 1773 4496 tales
1796 4438 1902 4495 luerunt
1924 4449 1952 4495 ut
1973 4441 2060 4496 cruori

1274 4553 1328 4594 non
1344 4544 1525 4600 mererentur,
1547 4533 1574 4587 in
1597 4531 1653 4603 ipsu
1668 4531 1766 4586 mulitia
1787 4529 1983 4601 quodammodo
1998 4546 2061 4600 pro·

1263 4629 1408 4700 ⁴iecerunt,
1432 4626 1501 4681 sicut
1518 4623 1617 4679 dicium
1632 4631 1692 4686 est,
1707 4621 1772 4676 ttatr·
1784 4631 1868 4676 autem
1883 4631 1906 4676 et
1925 4621 2061 4693 facinorosi

1275 4718 1410 4791 protientur
1432 4717 1460 4771 iu
1480 4715 1552 4787 pejus
1570 4712 1607 4786 (ll
1620 4712 1686 4769 Tim.
1701 4728 1740 4778 ιιι,
1754 4713 1818 4783 lo);
1838 4721 1866 4768 et
1883 4712 2000 4783 opposiur
2020 4721 2062 4767 est

1275 4809 1400 4880 iniquitas
1412 4821 1492 4877 super
1513 4805 1679 4876 iniquitatem
1694 4803 1822 4876 ipsorum.
1842 4801 1878 4857 Et
1896 4819 1948 4857 uou
1967 4803 2061 4857 intrem

1274 4904 1300 4958 iu
1310 4901 1411 4972 justitio
1425 4908 1478 4952 tuo.
1494 4896 1550 4951 lluc
1563 4895 1669 4966 planum
1681 4901 1732 4951 est.
1861 4890 1863 4892 ’
2011 4897 2014 4910 ·

1311 4993 1355 5047 15.
1379 4988 1460 5063 [uere.
1473 4985 1530 5060 29.]
1546 4984 1686 5041 Deieoutur
1708 4986 1740 5039 dc
1759 4984 1823 5039 libro
1845 4983 1987 5038 uiuentium.
2002 4983 2060 5038 Ab·

1275 5082 1382 5157 quoodo
1402 5080 1473 5137 enirn
1495 5080 1549 5135 iilic
1570 5079 1661 5148 scripti
1685 5076 1783 5132 eruut?
1807 5076 1932 5143 Frutres,
1947 5091 1998 5130 noo
2020 5075 2060 5131 sic

1275 5178 1396 5246 occipere
1407 5173 1546 5237 debemus,
1559 5170 1684 5242 quonium
1697 5170 1855 5239 quemquam
1876 5169 1945 5224 Deus
1962 5169 2062 5225 scribut

1276 5269 1303 5325 in
1316 5269 1383 5323 libro
1397 5266 1457 5321 vitm
1469 5306 1477 5329 ‚
1491 5271 1519 5318 et
1531 5262 1619 5318 deleat
1633 5260 1718 5315 illum.
1741 5258 1769 5316 Si
1793 5258 1874 5315 homo
1887 5259 1971 5325 dixit,
1987 5259 2061 5327 Quod

1275 5360 1379 5431 scripsi,
1392 5357 1497 5428 scripsi,
1512 5354 1545 5410 de
1559 5354 1635 5409 titulo
1650 5353 1693 5407 nbi
1713 5353 1838 5422 scriptum
1855 5360 1929 5416 erut,
1945 5351 2061 5409 Recio·

1277 5451 1389 5507 decorum
1401 5447 1489 5518 (doun.
1503 5461 1563 5510 xrs,
1576 5442 1651 5516 Η),
1671 5442 1741 5498 Dens
1758 5458 1916 5513 quemquem
1931 5442 2022 5498 scribit
2034 5450 2062 5497 et

1276 5539 1367 5597 deleti
1382 5536 1511 5592 Precisus
1525 5546 1585 5600 est;
1607 5533 1803 5604 predestinavit
1814 5548 1908 5589 omues
1921 5543 1982 5588 unte
1994 5548 2060 5588 cou-

1278 5633 1442 5690 stitutionem
1458 5628 1549 5693 nrupdi
1571 5635 1728 5698 regnaturos
1745 5641 1804 5682 curu
1818 5627 1885 5683 filio
1899 5642 1948 5682 suo
1961 5626 1987 5682 irr
2006 5626 2060 5680 rita

1278 5736 1376 5782 ceteros
1394 5721 1482 5793 (lium.
1495 5736 1558 5784 sur,
1572 5719 1635 5790 29).
1650 5719 1705 5775 llos
1719 5719 1894 5791 conseripsit;
1909 5719 1981 5786 ipsos
1994 5730 2060 5770 cou-

1280 5819 1347 5873 tiuet
1372 5814 1440 5869 liber
1462 5813 1532 5868 uite.
1565 5811 1683 5883 lienique
1707 5811 1733 5865 irr
1758 5808 1915 5882 Apocalypsi
1940 5805 2001 5876 quid
2025 5806 2063 5860 sit

1279 5908 1393 5978 Spiritus
1408 5905 1469 5968 bei,
1483 5918 1542 5959 curu
1556 5902 1590 5958 de
1602 5903 1735 5974 pressuris
1747 5902 1780 5957 ob
1795 5898 1954 5956 Antichristo
1968 5897 2063 5953 tuturis

1280 6005 1432 6069 loqueretur
1445 5999 1537 6058 eodem
1553 5997 1687 6067 Scriptura
1700 5997 1712 6050 ι
1734 5993 1890 6050 Consentieut
1901 5989 1950 6058 ilii,
1966 5989 2061 6060 iuquit,

1288 6096 1426 6167 omnesqui
1437 6110 1488 6154 nou
1500 6101 1557 6148 suut
1570 6090 1656 6161 scripti
1669 6091 1695 6144 iu
1707 6087 1770 6143 libro
1783 6086 1841 6142 citae
1856 6082 1946 6158 (Apoc.
1962 6099 2019 6147 ιιιι,
2034 6084 2074 6155 8).
