5025 6925
472 696 518 755 dlii
837 685 839 688 ’
1011 683 1204 743 eutultttlo
1224 683 1258 739 [Ἰ
1276 682 1435 750 Ρδιιῑιιὶιιί
1455 684 1545 742 xtltt.

472 809 550 865 {tl-est
561 816 650 878 matus
668 806 795 879 quasdam
810 803 928 860 maritales
943 819 950 853 τ
965 802 1032 854 etin
1050 798 1161 868 quadam
1182 797 1250 849 lucta

471 911 498 955 et
509 899 585 969 qussi
598 899 792 969 desperatione,
806 896 908 950 inuocat
920 891 1029 962 gretiam
1047 890 1101 949 llei.
1118 887 1251 955 discrepo

474 991 546 1043 lonso
556 1031 564 1053 ,
576 990 631 1058 quis
645 1004 683 1041 nte
696 989 806 1041 liberabit
818 987 849 1039 de
862 1000 965 1053 corpore
979 983 1064 1034 retortis
1078 978 1174 1051 lrtsjus?
1188 976 1252 1032 Gru·

473 1081 505 1133 tis
519 1079 567 1133 lle·
585 1095 629 1149 pes
641 1077 729 1132 Iesum
742 1076 867 1138 Cdristuas
887 1073 1022 1128 Destrinum
1036 1080 1148 1124 nostrum
1162 1060 1249 1136 illurn.

471 1187 516 1236 uss,
529 1170 575 1236 22,
588 1170 646 1233 25).
661 1170 739 1224 Tales
752 1167 787 1222 ita
802 1163 949 1238 puqrrautes
962 1166 1039 1219 etiam
1054 1164 1110 1233 lpse
1126 1162 1251 1223 Dominus

471 1263 497 1319 iu
513 1277 546 1323 se
562 1257 731 1334 p'saestgurare
750 1261 871 1330 diguatus
891 1267 947 1319 cst,
967 1272 1027 1310 cum
1039 1256 1076 1309 ait
1092 1272 1099 1307 ι
1115 1252 1203 1307 Tristis
1217 1240 1251 1305 ist

471 1358 553 1410 enims
570 1369 713 1424 meumque
733 1352 767 1405 ud
787 1362 889 1404 mortem
903 1348 1006 1418 (diuitis.
1029 1361 1107 1409 xxm,
1130 1345 1185 1411 58).
1207 1342 1252 1396 Ille

471 1444 539 1499 euim
554 1452 662 1496 truserat
675 1442 708 1495 ad
729 1441 798 1510 quod
812 1448 929 1494 uouerat.
945 1437 991 1495 Ille
1003 1436 1150 1505 passionem
1171 1448 1251 1502 quarit-

472 1535 514 1589 ltat
534 1536 578 1605 qui
599 1534 701 1588 dixerat
722 1549 729 1586 :
754 1532 903 1585 Potesluteus
923 1532 1001 1583 liabeo
1020 1526 1128 1599 portendi
1141 1528 1251 1578 ossiruunt

472 1642 564 1692 meum,
576 1636 600 1679 et
612 1634 757 1697 potestatem
772 1623 848 1677 ludeo
858 1623 947 1676 iterum
961 1618 1076 1674 sussreudi
1089 1632 1161 1681 eum,·
1175 1602 1252 1669 neruo

473 1719 535 1772 tollit
550 1717 621 1771 illatu
633 1734 649 1770 a
664 1732 715 1779 me,
729 1716 775 1769 setl
789 1730 838 1784 ego
851 1715 907 1783 ipse
921 1727 989 1782 pano
999 1726 1057 1765 eam
1069 1725 1083 1763 a
1097 1724 1149 1773 tric,
1165 1715 1191 1761 ct
1204 1708 1252 1762 ite·

474 1824 527 1863 sum
550 1823 627 1863 stttno
640 1822 698 1861 catu
715 1804 803 1878 (doust.
826 1821 862 1870 x,
878 1804 929 1866 l-i,
944 1803 1009 1862 lslt
1022 1799 1091 1863 Sed,
1116 1798 1202 1851 Tristis
1216 1798 1252 1849 es't

473 1902 554 1954 smisso
566 1916 621 1954 meu
633 1914 710 1967 usquc
719 1899 878 1960 udsuortem,
890 1895 933 1963 qui
949 1892 1022 1956 dtrtt,
1035 1890 1155 1961 quaedam
1171 1902 1253 1942 metu·

474 1991 514 2045 lara
528 2002 576 2045 sua
598 1991 624 2045 iu
644 2005 672 2044 se
688 1989 818 2058 figuravit.
839 1983 999 2053 Plerumque¹
1014 1982 1084 2035 enim
1102 1980 1155 2049 jam
1178 1992 1253 2031 metm

475 2082 537 2134 nerra
557 2081 641 2135 credit
661 2089 689 2135 et
707 2080 773 2133 liene
793 2078 864 2131 trotit
879 2075 991 2129 lutumm
1007 2072 1139 2127 hutniucm
1158 2084 1253 2124 secuu-

474 2172 537 2234 dum
550 2173 627 2243 sulem
642 2187 715 2226 suam
731 2162 870 2240 ingremio
892 2166 1004 2233 lllsmlne
1020 2184 1027 2218 :
1041 2163 1124 2218 credit
1145 2162 1211 2222 ltuc,
1227 2168 1254 2214 el

473 2276 560 2321 cestren
571 2282 630 2321 cum
645 2265 747 2320 uerterit
758 2262 853 2333 aliquis
873 2261 998 2316 articulus
1011 2256 1120 2322 mortis,
1135 2254 1255 2308 turbatur

468 2374 500 2417 er
517 2357 694 2416 santiliaritate
708 2355 819 2424 quadam
834 2352 922 2407 saeculi
938 2350 1035 2418 hujus;
1050 2336 1254 2417 crigitaitditum

467 2431 585 2503 inillam
603 2463 694 2502 uocem
710 2446 755 2499 Ilei
776 2444 922 2506 internam,
939 2440 1011 2494 audit
1027 2436 1181 2492 rationabile
1194 2439 1254 2488 car‘·

462 2554 532 2595 men
556 2538 722 2593 intrinsecus.
743 2535 779 2589 lta
794 2540 863 2589 enim
879 2532 992 2600 desuper
1012 2530 1038 2583 in
1061 2527 1166 2582 silentio
1180 2534 1256 2580 soual

460 2630 614 2701 quiddam,
635 2642 688 2681 ιιοιι
703 2626 822 2690 nuribus,
837 2623 882 2677 sed
897 2621 1045 2685 meutilurs;
1057 2632 1085 2671 ιιι
1098 2619 1256 2688 quicumque

455 2723 544 2788 srrdtt
566 2720 629 2777 illud
645 2720 744 2781 melos,
760 2719 837 2772 tedio
849 2715 979 2770 afliciatur
990 2712 1022 2766 ad
1036 2711 1174 2779 strepitum
1193 2724 1254 2763 cor·

455 2812 613 2881 putealem,
628 2818 656 2865 el
675 2818 727 2863 tota
747 2809 796 2862 isus
816 2808 867 2861 sita
888 2805 1001 2859 hismaua
1016 2803 1142 2856 tumultus
1155 2802 1179 2857 ei
1195 2801 1254 2871 qui·

451 2904 532 2976 desta
554 2905 606 2968 sit,
627 2900 772 2972 impediens
786 2901 903 2955 auditum
925 2896 1031 2965 superui
1046 2894 1181 2963 cujusdam
1197 2894 1255 2948 soni

448 3002 589 3064 nitidum,
598 2996 768 3059 delectabilis,
785 3004 811 3048 et
825 2989 1052 3060 incomprralsilis,
1066 2999 1093 3044 es
1106 2986 1254 3044 ineffabilis.

447 3069 497 3152 Ei
519 3105 689 3146 severacum
709 3088 744 3142 ita
759 3084 887 3153 contingit
897 3099 930 3137 ert
945 3082 1032 3150 aliqua
1047 3080 1254 3147 pertudmtiuuc,

446 3187 521 3238 vim
550 3182 649 3251 patitur
663 3182 742 3233 ltumo
755 3219 762 3243 ,
776 3175 912 3244 alloquens
924 3173 1037 3226 ardmam
1048 3185 1121 3223 suam
1137 3189 1143 3222 ι
1161 3168 1257 3241 thuid

443 3278 550 3343 tristis
563 3292 600 3338 es,
609 3275 693 3327 unimu
708 3287 777 3344 ntea,
792 3278 815 3323 et
825 3267 912 3337 utquid
921 3265 1053 3318 conturbus
1065 3262 1121 3315 usse?
1134 3262 1174 3315 Αιι
1189 3262 1256 3315 iurle

441 3355 529 3423 ideo
553 3366 613 3434 quio
637 3359 744 3421 diiitcile
766 3368 874 3429 purgata
889 3356 941 3411 vita
962 3353 1110 3417 isrveuitur,
1133 3367 1192 3406 cusu
1212 3352 1255 3406 ille

438 3451 570 3525 iudicat
583 3453 627 3524 qui
638 3451 709 3507 nituit
723 3450 755 3505 ad
770 3464 862 3519 pirrum
874 3457 900 3502 et
910 3444 1035 3515 liquidum
1043 3442 1180 3512 judicare?
1190 3442 1255 3509 Quis

438 3539 513 3615 sitsi
538 3545 682 3618 irrumpitis
692 3545 745 3614 jam
757 3543 809 3596 sita
821 3549 862 3595 est
881 3539 949 3592 iuter
965 3536 1099 3598 nomines,
1118 3535 1153 3588 ita
1168 3543 1196 3587 ut
1208 3533 1257 3609 ltc-

437 3644 557 3699 luisses
576 3638 639 3709 quid
657 3638 711 3707 jam
733 3633 928 3703 reprehendant
947 3630 1018 3698 iuste
1039 3643 1090 3681 non
1116 3626 1253 3681 lralseaut':

438 3731 592 3811 maculit
602 3743 712 3788 examen
723 3725 756 3779 al>
766 3725 835 3781 illius
846 3722 941 3784 oculis,
953 3718 1072 3788 procedit
1086 3717 1173 3786 regula
1185 3731 1256 3770 cusr-

438 3841 554 3899 quana
569 3839 621 3878 uon
638 3821 778 3881 fallaciter,
793 3826 819 3871 et
838 3814 937 3869 invenit
950 3813 982 3865 iu
1005 3810 1112 3864 ltamine
1133 3808 1253 3876 quedam

441 3932 526 3990 quas
541 3912 718 3983 reprehendat
730 3909 819 3972 Deus,
834 3921 893 3976 quse
904 3903 1024 3964 ltomiaes
1037 3898 1254 3971 reprehendenda

442 4022 518 4066 non
536 4005 682 4068 uideltaut,
701 4015 750 4055 nec
763 3999 807 4051 ille
822 3999 878 4066 ipso
892 3995 962 4047 lutus
975 3991 1022 4068 qui
1034 3989 1189 4060 itnlicundus
1203 3998 1254 4043 est.

443 4097 530 4156 llaec
543 4097 640 4150 timens
651 4093 738 4145 anima
751 4089 819 4144 Iortc
831 4084 1003 4141 conturbatur
1018 4099 1026 4135 ε
1039 4082 1181 4149 alloquitur
1195 4094 1254 4132 eam

443 4203 555 4255 mens,
569 4185 644 4256 quasi
653 4185 760 4245 diceus,
776 4178 843 4248 Quid
859 4178 936 4231 times
950 4175 983 4229 de
997 4174 1119 4243 peccatis,
1131 4171 1190 4240 quia
1203 4187 1254 4252 suun

445 4291 545 4351 potes
562 4276 651 4331 omnia
665 4271 799 4328 deuitare?
812 4269 894 4336 Spero
915 4265 942 4317 its
963 4262 1116 4324 Demittunt,
1138 4261 1256 4330 quonium

445 4369 605 4437 confitebor
615 4365 663 4418 illi.
676 4361 800 4431 Quaedam
815 4363 891 4411 sallat
906 4365 1021 4422 praeseus
1035 4350 1173 4413 allocutio,
1195 4351 1256 4402 reli·

448 4476 518 4533 qua
533 4469 626 4530 purgat
643 4455 725 4508 idelis
736 4448 877 4506 confessio.
893 4445 972 4498 Plane
987 4442 1063 4504 tituc,
1079 4439 1101 4493 ei
1117 4438 1216 4507 justum
1231 4449 1256 4493 te

450 4543 556 4617 di'cis3
571 4550 595 4603 si
609 4564 660 4601 ιιοιι
675 4544 756 4598 habes
770 4540 842 4593 illam
854 4549 945 4590 urcem
966 4530 1063 4586 exalia
1078 4531 1198 4601 psalmo:
1215 4527 1257 4583 Ne

398 4614 425 4663 ’ξ’
448 4643 547 4701 batres
560 4642 587 4693 iss
597 4612 721 4710 judicimus
734 4647 791 4686 cusu
802 4643 871 4683 seruo
885 4638 937 4678 tuo.
958 4623 1062 4699 Quare,
1079 4621 1119 4675 Ne
1133 4621 1210 4674 intres
1228 4621 1256 4673 in

453 4734 594 4804 iudicium
609 4745 664 4802 curn
678 4721 826 4797 sereotuo?
843 4716 1017 4792 Misericordia
1041 4726 1084 4767 tun
1107 4712 1170 4766 utilsi
1190 4727 1256 4781 opos

456 4840 520 4884 est.
538 4825 604 4880 Natu
624 4823 646 4875 si
665 4817 793 4889 judicium
812 4810 964 4882 exhibueris
978 4809 1035 4860 sine
1056 4805 1254 4869 sulsericordlu,

459 4911 602 4984 introibo?
619 4911 648 4965 St'
662 4909 803 4977 iniquitates
820 4901 984 4980 obsesuuueris
996 4896 1118 4963 Douuue,
1134 4893 1254 4959 Horisius,

460 5009 526 5075 quis
540 4999 669 5058 sustinebit
685 4996 768 5068 (Psoi.
784 5009 873 5069 essex,
888 4989 936 5057 di?
952 4986 992 5070 Ide
1003 4988 1078 5050 intres
1092 4987 1117 5066 in
1131 4985 1256 5056 judicium

463 5114 527 5154 cum
541 5108 612 5150 seruo
627 5102 685 5154 luo,
702 5089 760 5158 quio
774 5102 823 5140 nen
838 5081 1019 5154 justificabitur
1033 5079 1060 5132 in
1072 5086 1203 5147 cusrspectu
1215 5085 1257 5157 tuq

465 5189 555 5245 omnis
568 5187 649 5240 eiueus
664 5180 747 5254 (Psoi.
763 5191 830 5232 cusu
843 5218 850 5241 ,
864 5174 903 5243 2).
916 5173 986 5240 Ergo
1000 5176 1021 5248 si
1036 5185 1087 5223 nou
1099 5168 1257 5238 justificabi-

468 5291 514 5336 tur
535 5279 562 5333 iu
577 5283 720 5345 conspectu
734 5282 779 5324 tue
800 5267 886 5321 omnis
900 5265 1007 5325 riseris,
1026 5263 1085 5331 quia
1099 5262 1257 5341 quicumque

469 5371 513 5428 lsie
526 5369 609 5436 visit,
623 5360 814 5436 quantumlibet
826 5359 897 5427 juste
909 5356 990 5417 visat,
1001 5369 1040 5406 use
1053 5351 1090 5405 illi
1104 5351 1126 5404 si
1141 5366 1201 5434 epm
1213 5351 1257 5405 illo

471 5463 498 5518 in
520 5459 648 5532 iudicium
669 5452 807 5509 intraverit
826 5450 906 5503 deus.
926 5445 992 5499 llam
1013 5457 1046 5496 ex
1061 5441 1112 5511 aliu
1131 5439 1256 5510 propheta

473 5560 629 5625 arrngautes
649 5557 677 5603 ct
694 5545 823 5614 strperlsos
837 5537 979 5599 identidem
994 5535 1032 5590 sie
1051 5532 1191 5604 objurgat:
1209 5530 1257 5586 Ut·

474 5647 533 5718 qaid
550 5643 624 5711 sultis
637 5654 731 5693 mecum
739 5634 837 5715 judicio
850 5626 1010 5705 contendere?
1024 5624 1117 5704 Omnes
1127 5623 1258 5693 dereliqui-

475 5742 518 5793 stis
532 5748 589 5806 sts'e,
602 5734 662 5797 dicit
678 5723 916 5806 manumulierum.
933 5736 949 5774 u
960 5762 967 5786 ,
980 5718 1036 5799 29).
1048 5717 1104 5772 Noli
1115 5731 1178 5786 ergo
1189 5715 1260 5785 jtstli·

477 5835 516 5886 riu
528 5825 690 5886 contendere
706 5839 713 5874 τ
727 5820 760 5894 da
774 5832 880 5897 eperum
893 5828 952 5894 esse
962 5812 1065 5882 justqs3
1080 5818 1107 5864 ct
1117 5815 1259 5879 quantum-

477 5935 588 5990 cumque
602 5915 692 5976 fueris,
704 5910 829 5976 conlisere
842 5914 868 5979 te
881 5894 1055 5973 peecatorem
1066 5914 1172 5969 semper
1183 5910 1260 5966 spera

477 6007 684 6070 misericordiam
700 6021 706 6056 :
720 6001 780 6057 etin
790 5999 839 6053 ista
853 5997 860 6028 ¹
875 5991 967 6050 humili
976 5989 1142 6047 mutesstoue
1151 6001 1261 6042 securus

507 6161 783 6235 tulpaciense.

2034 688 2085 757 sss

1307 796 1442 867 alloquere
1457 798 1604 853 turbantem
1620 767 1669 866 te,
1693 808 1720 855 et
1741 801 1940 863 tumrultuauum
1961 782 2086 854 aslrcrsiss

1304 894 1331 940 te
1345 888 1458 940 atsisuant
1474 897 1554 941 tttaut.
1569 887 1663 957 thuid
1678 890 1753 943 tristis
1767 906 1803 953 es,
1823 886 1908 942 uitium
1920 889 1993 953 dieu,
2008 891 2031 941 el
2043 898 2086 941 ut-

1303 979 1366 1046 quid
1374 980 1572 1034 couturlnsme?
1581 979 1659 1036 Forte
1669 981 1696 1035 iu
1710 991 1736 1035 te
1747 980 1854 1036 uolebas
1867 996 1973 1048 sperare
1985 998 1991 1032 :
2004 981 2086 1052 δραι

1303 1076 1330 1130 iu
1344 1076 1496 1144 ventinula,
1511 1079 1564 1132 noli
1575 1079 1601 1133 ln
1618 1090 1653 1134 tc.
1668 1078 1735 1147 Quid
1754 1080 1824 1148 enim
1844 1092 1873 1133 cs
1889 1078 1913 1131 iu
1929 1075 1973 1131 te?
1985 1070 2047 1146 (prid
2057 1091 2086 1132 cs

1304 1167 1337 1224 slc
1349 1169 1391 1224 te?
1405 1169 1450 1225 Illc
1462 1172 1496 1224 sit
1507 1173 1606 1226 sanitas
1619 1174 1643 1226 iu
1658 1182 1700 1234 te,
1716 1172 1760 1242 qui
1775 1171 1890 1240 suscepit
1904 1172 2011 1225 soltrera
2024 1179 2087 1240 pru·

1305 1271 1362 1329 pter
1372 1270 1407 1316 le.
1423 1262 1520 1331 Spero,
1535 1263 1633 1334 iuquit,
1646 1264 1673 1317 iu
1683 1263 1816 1317 Dosuinum
1827 1307 1834 1326 ‚
1846 1263 1963 1332 quonium
1982 1262 2087 1329 coufite-

1304 1352 1349 1405 leor
1368 1353 1416 1430 dli.
1431 1353 1496 1419 Quid
1511 1353 1556 1407 'ltlt
1572 1354 1761 1408 cossdlcboris?
1776 1354 1895 1409 Sulutsrre
1913 1355 1994 1407 uullrss
2011 1336 2088 1418 ἢεί,

1305 1444 1372 1499 Ilests
1386 1441 1555 1500 inseruisses
1573 1446 1687 1501 salutare
1698 1447 1785 1500 vultus
1794 1448 1859 1511 ιιιιιι,
1875 1456 1901 1498 tu
1914 1445 2019 1500 saualsis
2032 1460 2085 1499 me.

1304 1535 1386 1606 AEger
1395 1538 1427 1591 ad
1444 1549 1469 1592 ta
1482 1539 1574 1609 loqu'or
1590 1557 1595 1592 :
1608 1554 1721 1610 agnosco
1732 1540 1880 1603 urediemn,
1897 1555 1949 1592 nnn
1963 1555 2004 1593 mc
2015 1536 2087 1606 iacto

1304 1642 1407 1683 sartum.
1430 1629 1496 1696 Quid
1516 1638 1574 1695 est,
1593 1646 1706 1708 egriuscu
1726 1613 1872 1694 medicum,
1888 1646 1939 1683 tum
1954 1644 1997 1684 me
2016 1618 2087 1699 jacto

1304 1721 1414 1774 sanum?
1432 1721 1507 1789 Quod
1525 1723 1550 1776 iu
1565 1722 1616 1775 alio
1632 1721 1732 1791 psalmo
1745 1722 1840 1775 dieitur
1857 1720 1930 1791 :qu
1945 1721 2015 1785 utel,
2032 1718 2086 1773 uo:

1304 1810 1384 1877 mine,
1399 1813 1513 1867 misirere
1527 1814 1583 1879 assei,
1595 1829 1657 1866 sunu
1667 1814 1775 1866 estimem
1787 1828 1883 1877 niseum,
1898 1813 2014 1882 qttonium
2030 1824 2088 1880 pec·

1304 1902 1358 1954 cusi
1368 1900 1412 1954 tibi
1423 1898 1506 1974 (Psul.
1524 1919 1572 1967 xa,
1588 1905 1625 1972 5).
2061 1904 2079 1923 ''

1339 1982 1366 2047 8.
1380 1993 1441 2048 Ilaec
1462 2009 1512 2048 tort
1526 2035 1533 2059 ,
1546 1990 1656 2058 iratres,
1673 2004 1726 2048 tuto
1748 1996 1809 2048 est¹
1835 2013 1841 2048 ι
1867 1993 1914 2048 sed
1935 1993 2039 2064 vigilate
2061 1994 2087 2048 in

1305 2087 1431 2156 operilsus
1441 2088 1526 2140 liuteis.
1544 2087 1655 2157 Tzrrtqlle
1672 2087 1823 2155 psalterium
1836 2129 1843 2153 ,
1856 2086 2002 2140 obediendo
2016 2082 2087 2155 prte'·

1305 2173 1388 2246 ceptis
1403 2194 1409 2229 :
1425 2176 1523 2245 tangite
1533 2176 1819 2242 eitltaram,tolcraudu
1829 2178 1972 2245 passiones.
1986 2174 2090 2247 Fronde

1306 2267 1422 2320 esurienti
1435 2283 1524 2339 punem
1539 2277 1623 2330 tuusu,
1637 2267 1731 2320 audisti
1749 2267 1878 2320 abisaia:
1894 2266 1946 2320 truli
1958 2266 2087 2336 ieiunium

1306 2367 1398 2428 putare
1418 2356 1548 2413 srtffieere.
1563 2358 1694 2428 lcjttnium
1719 2369 1743 2411 te
1765 2360 1893 2427 castigat,
1911 2369 1962 2412 nou
1976 2358 2088 2413 alterum

1307 2448 1400 2504 reiicit.
1417 2447 1568 2503 Frr'rctuosau
1581 2460 1658 2503 orum
1670 2449 1797 2517 :rssqrrstise
1812 2455 1882 2513 ton,
1898 2449 1919 2502 si
1930 2448 2006 2504 alteri
2019 2464 2090 2518 prae·

1307 2540 1406 2593 stit'eris
1428 2539 1602 2593 latitudinem.
1628 2539 1697 2594 Ecce
1718 2539 1843 2594 fraudasti
1867 2540 1980 2593 attisnam
1996 2548 2089 2595 tuam:

1307 2630 1349 2683 cui
1361 2629 1435 2684 dubis
1447 2625 1516 2700 quod
1530 2630 1576 2684 tilsi
1589 2630 1719 2685 abstulisti
1728 2620 1792 2682 i'trlri
1807 2641 1890 2699 pones
1899 2628 2028 2699 quod'tilti
2043 2628 2090 2685 de·

1307 2721 1427 2792 negasti?
1441 2716 1524 2791 Quam
1547 2722 1644 2794 multus
1666 2737 1793 2793 pauperes
1806 2723 1926 2793 saginare
1948 2730 2035 2792 potest
2048 2723 2091 2777 in-

1308 2806 1461 2871 termissum
1473 2814 1551 2870 hodie
1570 2814 1709 2884 prandium
1729 2806 1867 2868 nostrum!
1883 2813 1919 2867 lta
1941 2813 2047 2881 jejtuta,
2061 2821 2091 2867 ut

1307 2908 1359 2964 alio
1378 2907 1551 2963 manducante
1570 2906 1708 2982 prandisse
1725 2915 1750 2960 te
1768 2905 1892 2974 gasrdeas,
1910 2913 2015 2973 propter
2029 2888 2097 2958 ‹rra-¹

1307 2990 1404 3063 tiottcs,
1421 3008 1449 3052 ut
1461 2996 1622 3051 exartrliaris.
1640 2996 1675 3049 lut
1690 2993 1829 3050 estimant:
1845 2997 1933 3048 ddlrue
1942 2996 2057 3067 loquente
2068 3003 2092 3048 ts

1307 3090 1399 3156 dicum,
1416 3087 1631 3151 Eceeudsut115si
1648 3088 1751 3157 sreqeris
1770 3105 1801 3142 es
1811 3087 1902 3140 'unisuo
1916 3088 2031 3141 esurienti
2046 3086 2091 3156 μα’·

1307 3169 1363 3235 uem
1375 3178 1449 3255 (Isus'.
1466 3173 1538 3246 Iustt,
1550 3174 1582 3243 7,
1597 3178 1646 3233 det
1659 3173 1700 3253 Id)
1717 3197 1722 3232 :
1736 3179 1795 3248 quia
1810 3179 1961 3247 plerumque
1974 3177 2005 3232 tlt
2017 3192 2032 3232 tt
2046 3178 2092 3232 tri·

1307 3272 1390 3327 stibus
1403 3282 1429 3327 et
1444 3287 1458 3326 a
1472 3253 1705 3327 murmurantibus
1716 3279 1744 3323 ut
1756 3278 1864 3324 careant
1878 3269 1955 3323 tudio
1967 3269 2091 3339 iuterpei·
2184 3255 2187 3261 ’

1307 3364 1401 3432 lautis,
1420 3378 1471 3417 ιιοιι
1489 3372 1517 3418 ul
1531 3363 1650 3418 relictam
1668 3355 1767 3415 viscera
1783 3361 1926 3429 iudigcutis
1945 3377 1952 3412 ι
1977 3360 2090 3413 iliius-em

1306 3448 1390 3509 uestem
1408 3455 1520 3509 dolorem
1538 3454 1618 3525 diliqit
1640 3451 1709 3509 Deus
1724 3451 1756 3524 <tl
1775 3451 1832 3506 Cor.
1844 3468 1868 3506 tx
1882 3493 1889 3518 ‚
1902 3452 1938 3521 7).
1950 3450 1977 3506 Si
1996 3453 2090 3520 panetti

1307 3546 1412 3602 dederis
1427 3547 1518 3613 tristis,
1532 3556 1558 3601 et
1571 3561 1663 3614 plancus
1680 3553 1706 3599 ct
1721 3544 1843 3597 meritum
1857 3541 2003 3612 perdidisti.
2020 3542 2092 3612 Ergo

1307 3655 1340 3696 ex
1353 3641 1441 3694 animo
1456 3639 1497 3694 lac
1513 3657 1519 3689 :
1537 3626 1622 3692 ut-ille
1636 3638 1679 3707 qui
1695 3637 1765 3691 iutus
1779 3636 1850 3690 ridet
1864 3636 1951 3690 adltuc
1965 3636 2090 3705 loquente

1308 3741 1352 3797 te,
1371 3730 1451 3796 dicat,
1466 3729 1533 3784 Ecce
1554 3728 1653 3784 odarum.
1675 3728 1759 3796 Quam
1780 3727 1903 3782 celeriter
1926 3727 2091 3796 accipiuntur

1307 3823 1438 3876 orationes
1457 3822 1524 3876 bene
1546 3815 1710 3890 operantium
1724 3838 1730 3872 :
1742 3827 1768 3873 et
1787 3818 1844 3872 lime
1861 3818 1962 3887 justitia
1978 3818 2092 3872 hominis

1308 3913 1333 3965 in
1364 3912 1413 3965 Irae
1441 3912 1512 3975 uita,
1537 3910 1684 3979 jejunium.
1713 3909 1899 3978 eleemosyna,
1924 3907 2019 3961 oratio.
2046 3906 2092 3962 tls

1307 4003 1454 4071 orationem
1468 4010 1538 4055 tuam
1551 4002 1641 4055 volare
1655 3999 1687 4054 ad
1702 3999 1805 4054 Deum?
1825 3996 1877 4052 Fae
1892 3998 1929 4051 illi
1944 4000 2010 4051 duas
2024 3997 2091 4065 ales,

1304 4094 1434 4164 ieiunium
1464 4102 1490 4146 ct
1515 4092 1720 4162 eleemosynam.
1746 4089 1825 4143 Tales
1846 4102 1896 4142 nos
1914 4087 2092 4155 inveniat,ut

1307 4172 1415 4238 securos
1427 4183 1543 4238 inueniat
1555 4182 1598 4235 lux
1617 4182 1673 4244 Ilei,
1688 4190 1714 4235 et
1729 4181 1826 4235 veritas
1842 4180 1905 4242 Ilei,
1920 4179 2093 4236 cumvenerit

1308 4278 1419 4330 liberare
1433 4289 1480 4328 uas
1493 4290 1506 4326 a
1520 4285 1621 4339 morte,
1639 4274 1682 4347 qui
1694 4260 1748 4344 jam
1761 4273 1833 4327 uenit
1851 4273 1940 4327 sulsire
1954 4287 2001 4343 pro
2015 4272 2092 4329 uobis

1286 4435 1288 4438 Ι
1306 4377 1430 4439 mortem.
1445 4367 1539 4421 lmen.

1524 4576 1565 4647 lll
1581 4574 1769 4643 Psuutstltt
1790 4573 1891 4635 XLIII

1588 4696 1796 4752 Ellslllln‘lltl.

1566 4823 1822 4864 sensatorususrs.
1849 4796 1853 4806 ⁸

1344 4929 1369 4983 l.
1390 4926 1510 4983 Psalmus
1522 4924 1572 4979 iste
1585 4924 1645 4978 liliis
1658 4922 1725 4977 Cere
1735 4903 1841 4985 dieitur,
1858 4919 1925 4972 sieut
1935 4919 1992 4987 ejsts
2002 4915 2093 4975 titulus
2162 4977 2165 4985 ¹

1310 4997 1425 5090 praefert.
1442 5018 1630 5086 iuterpretatur
1642 5023 1729 5068 autem
1743 5014 1811 5065 (iore
1828 5010 1965 5065 calvitium
1979 5008 2019 5062 vel
2034 5008 2094 5064 Cal·

1308 5112 1398 5182 uaria,
1413 5120 1441 5167 el
1461 5095 1610 5165 invertimus
1630 5106 1657 5160 iu
1679 5103 1821 5172 Evangelio
1846 5101 1983 5155 Dominum
2003 5099 2093 5154 Iesum

1309 5207 1440 5261 Clrristum
1454 5203 1482 5257 in
1497 5202 1555 5255 luco
1568 5198 1693 5254 Calcaria¹
1706 5195 1859 5250 crucifixum
1876 5191 1886 5260 i
1894 5191 1986 5246 IIsrttls.
2001 5207 2093 5258 xssu,

1309 5297 1365 5366 55).
1375 5294 1445 5364 Ergo
1453 5293 1553 5346 clarum
1565 5297 1615 5354 est,
1624 5286 1693 5358 quod
1702 5286 1762 5339 filiis
1773 5283 1902 5353 passionis
1912 5283 1968 5351 ujus
1976 5291 2095 5337 coutetur

1309 5387 1352 5442 liic
1367 5387 1492 5456 psalmus.
1507 5382 1638 5436 llaliemus
1650 5387 1737 5433 autem
1757 5376 1818 5432 ltine
1830 5376 2095 5431 eviderttissintum‘et

1311 5476 1487 5531 lirmissimum
1499 5470 1675 5526 testimonium
1684 5469 1794 5538 apostuli
1804 5467 1876 5522 Pauli
1887 5468 1961 5537 :quia
1971 5475 2025 5521 lum
2035 5481 2095 5521 cum

1310 5571 1336 5623 iu
1350 5564 1575 5638 persecutionibus
1586 5561 1726 5617 Gentilium
1739 5560 1868 5613 laluua'ret
1889 5559 2016 5624 Ecclesia,
2035 5557 2096 5612 lrirte

1311 5649 2096 5728 sutnpsittersum,quemiratorponerctadexlrurtatiuuemet

1311 5749 1515 5806 corisulatiuncm
1537 5744 1677 5816 patientiae.
1692 5743 1740 5796 llic
1760 5744 1830 5811 euim
1845 5742 1942 5797 dictum
1958 5748 2014 5803 est,
2026 5738 2096 5807 quod

1313 5843 1355 5896 ille
1367 5842 1391 5895 iu
1403 5839 1519 5911 Epistola
1530 5852 1576 5892 sua
1589 5835 1676 5907 posuit
1690 5854 1696 5888 t
1712 5833 1820 5904 Propter
1828 5844 1850 5888 te
1859 5832 2039 5905 sssmtificumur
2047 5839 2096 5883 tots

1312 5935 1362 5996 die,
1373 5931 1484 6029 induti
1496 5945 1580 5984 sumus
1590 5928 1655 5982 uelut
1668 5941 1723 5980 oues
1735 5926 1864 5979 occisionis
1876 5919 2086 5994 (dormiendi)

1315 6026 1410 6082 l'oeem
1424 6035 1488 6093 ergo
1502 6028 1645 6091 martyrum
1665 6016 1803 6073 audiemus
1825 6016 1850 6070 in
1870 6014 1973 6070 Psalruo
1987 6029 1993 6063 :
2008 6024 2034 6067 et
2049 6029 2089 6067 ro:

1345 6139 1355 6174 ¹
1371 6137 1444 6192 ustie
1455 6137 1626 6198 etsesdune,
1637 6133 1765 6217 muscus
