5025 6925
411 715 462 771 9θὶ
905 702 1102 761 nmtnnttto
1121 700 1152 756 tu
1172 698 1332 757 ossellum
1353 698 1479 755 butun.

411 843 473 885 osse
482 826 581 899 judicat
591 839 695 895 ponam
707 826 803 893 privari
819 822 877 877 luce
890 822 998 889 jnstitinu
1009 836 1016 881 ;
1029 834 1080 873 non
1094 817 1193 873 eloric-

413 928 618 988 murnentanus
633 926 721 987 patres
735 913 929 985 illigamentis
951 927 1031 983 praua
1049 921 1076 966 et
1098 906 1194 962 amari-

414 1024 488 1065 cans.
500 1009 581 1064 Terra
594 1008 683 1076 itaque
694 1005 799 1076 AEgypti
821 1006 846 1058 iu
868 1005 948 1073 ligura
970 999 1138 1071 intelligenda
1155 1007 1196 1052 cst

1975 704 2027 761 ddi

1250 815 1319 870 Deus
1339 831 1431 886 parare
1450 830 1567 872 mensam
1583 818 1609 871 in
1623 817 1747 874 diserto?
1760 805 1888 887 Quoniam
1902 825 2029 891 percussit

1247 916 1360 978 petram,
1371 918 1397 962 et
1407 907 1538 963 tlusenmt
1550 924 1636 979 aquae,
1647 920 1673 966 et
1684 919 1814 965 torrentes
1829 911 2029 976 inundaverunt,

1249 1000 1374 1070 numquid
1389 1013 1416 1056 et
1430 1017 1524 1070 panem
1539 1003 1635 1071 poterit
1648 1003 1722 1078 dare,
1736 1012 1782 1057 aut
1799 1018 1893 1074 parare
1912 1018 2029 1058 intensam

416 1100 495 1171 lnrjus
508 1099 606 1154 saccali.
620 1099 733 1167 Campus
745 1097 865 1150 Tbaneos
883 1094 1004 1163 planities
1024 1102 1064 1147 est
1081 1082 1204 1144 mandati
1233 1092 1346 1166 ‘populo
1366 1094 1433 1147 suo?
1452 1113 1461 1145 r
1478 1092 1535 1147 Nou
1557 1093 1696 1150 credentes
1718 1109 1783 1165 erqo
1803 1096 1935 1164 petierunt
1957 1110 2031 1150 escas

417 1192 535 1246 buurilis.
547 1190 611 1244 Nam
623 1189 773 1243 llarrdatum
785 1185 882 1240 humile
893 1186 1079 1253 interpretatur
1088 1180 1195 1236 Tlrartis.

417 1282 445 1336 ln
466 1282 516 1335 boe
528 1294 593 1351 erqo
612 1280 710 1334 saeculo
724 1276 879 1332 humilitatis
897 1274 1048 1329 mandatum
1070 1271 1197 1339 suscipia-

416 1387 487 1438 mus,
499 1379 527 1426 ut
542 1371 568 1425 in
582 1370 634 1424 alio
653 1370 750 1425 saeculo
767 1368 964 1431 exaltationem,
982 1380 1059 1435 qnam
1080 1362 1199 1433 promisit

416 1461 462 1532 qui
475 1470 584 1531 propter
597 1476 646 1516 nos
660 1462 703 1516 lile
716 1460 801 1515 lactus
814 1468 855 1513 est
876 1458 992 1524 bumilis,
1007 1456 1127 1526 accipere
1141 1468 1198 1508 me·

416 1566 533 1607 reamur.
1154 1606 1158 1611 ,

454 1642 498 1697 lb.
513 1640 588 1713 [uera⁸
602 1639 705 1713 teto]
720 1639 842 1710 Numqui
856 1639 964 1708 disrupit
978 1653 1056 1701 mere,
1067 1644 1090 1689 ct
1103 1634 1201 1703 trajecit

418 1751 471 1801 eos,
483 1726 569 1789 ιιιιιιίι
590 1750 668 1803 aquas
689 1734 761 1805 quusi
779 1734 805 1786 in
824 1742 900 1797 utres,
922 1740 950 1785 ut
971 1730 1010 1785 sie
1030 1736 1112 1783 staret
1132 1725 1201 1780 urtda

420 1836 544 1895 tanquam
558 1824 651 1880 luisset
664 1824 774 1888 inclusa,
789 1832 875 1893 potest
888 1838 935 1891 per
947 1836 1021 1875 suam
1033 1818 1143 1889 gratiam
1157 1831 1201 1871 co·

420 1919 513 1975 bibere
534 1918 612 1974 liuida
634 1926 662 1972 et
684 1916 798 1972 labentia
819 1913 1089 1983 concupiscentiarum
1110 1923 1203 1964 carna·

397 2072 400 2078 ,
421 2012 503 2078 lium,
526 2026 586 2067 eum
610 2011 672 2065 bttie
695 2009 792 2065 sacculo
815 2008 996 2069 renuntiatur,
1012 2012 1056 2068 ut,
1078 2012 1202 2070 tanquam

422 2103 543 2170 inimicis,
557 2101 673 2172 peccatis
685 2099 808 2156 ominibus
820 2097 972 2168 perdeletis,
986 2094 1101 2150 bdelium
1118 2107 1203 2163 popu·

423 2198 463 2252 lus
478 2211 525 2266 per
542 2203 734 2251 sacramentum
748 2176 916 2263 baptismatis
928 2188 1082 2260 trajiciatur.
1095 2185 1144 2255 Qui
1158 2184 1202 2238 de-

423 2286 494 2341 duait
514 2303 556 2342 ece
576 2287 603 2339 in
614 2286 678 2338 nube
698 2284 758 2347 diei,
778 2291 803 2338 et
827 2292 879 2337 totu
897 2293 967 2336 nocte
983 2281 1010 2334 in
1024 2276 1205 2333 illuminatione

423 2378 499 2447 iqrris,
518 2377 695 2445 potestatium
709 2374 879 2444 spiritualiter
890 2372 1004 2441 dirigere
1017 2370 1122 2435 itinera,
1135 2366 1157 2422 si
1171 2366 1204 2420 ad

423 2482 484 2523 cum
494 2466 590 2522 elamet
602 2464 682 2522 indes:
693 2463 789 2519 itinere
802 2480 856 2519 mea
866 2463 946 2533 dirim
958 2461 1095 2516 secuudum
1106 2456 1206 2514 ceriam

424 2569 495 2612 tuum
510 2556 520 2629 (
534 2554 606 2611 Ptol.
618 2571 708 2622 cartu,
723 2555 774 2611 {35
787 2554 807 2625 ).
821 2553 860 2609 De
871 2568 924 2624 quo
942 2551 1003 2608 alibi
1022 2550 1128 2615 dicitur,
1148 2546 1208 2619 lpse

425 2650 490 2704 enim
511 2659 592 2704 rector
612 2649 688 2721 saciet
710 2663 799 2702 curtus
820 2656 887 2711 tuos,
900 2655 923 2699 et
942 2644 1032 2698 itinero
1051 2652 1095 2697 tuo
1108 2643 1135 2696 in
1147 2655 1209 2712 poce

400 2796 403 2803 ,
426 2741 547 2811 perimet
561 2742 569 2772 ¹
582 2740 672 2813 (Prot.
685 2755 720 2807 ιι,
734 2738 781 2810 tt)
794 2756 801 2792 ι
814 2753 862 2808 per
875 2736 965 2794 lesum
976 2735 1108 2791 Christum
1120 2732 1211 2788 Domi-

427 2847 492 2889 aum
506 2841 634 2898 nostrum,
648 2833 724 2903 eujus
740 2832 768 2887 iu
782 2831 833 2886 lroe
844 2830 951 2896 saecrrlo,
967 2839 1089 2899 tanquam
1109 2826 1135 2880 in
1153 2824 1207 2891 die,

427 2933 622 2982 sacramentum
645 2924 839 2980 manifestatum
866 2931 907 2977 est
931 2922 956 2976 in
980 2936 1075 2986 caure,
1090 2919 1162 2973 veluit
1183 2918 1209 2972 in

427 3015 514 3082 uubc;
528 3015 752 3087 inimiciorem,
770 3023 892 3083 tanquam
911 3014 936 3066 in
951 3019 1052 3067 terrore
1071 3019 1210 3074 noctnrrno,

428 3107 490 3177 qnia
504 3115 566 3162 tune
576 3106 628 3162 erit
639 3121 733 3177 magna
748 3105 881 3162 tribulatio
894 3105 983 3159 saeculi
996 3112 1119 3173 tauquam
1134 3101 1210 3172 ignis,

427 3207 455 3252 ct
476 3196 573 3252 lucebit
592 3196 687 3267 justis,
702 3204 730 3251 et
742 3195 845 3250 ardebit
864 3194 978 3265 injustis.
993 3193 1041 3261 Qui
1060 3177 1168 3263 disrupit
1186 3193 1213 3247 ira

429 3289 524 3343 deserto
538 3297 645 3359 petram,
658 3298 682 3343 et
694 3288 829 3359 uqsue
843 3303 884 3342 eet
896 3288 959 3341 deut
973 3288 1000 3339 iu
1013 3284 1102 3357 abysso
1115 3285 1214 3347 multa;

431 3389 454 3432 et
467 3378 552 3433 educit
570 3394 662 3448 aquom
675 3379 707 3432 de
719 3387 800 3449 petru,
819 3387 842 3433 et
862 3376 966 3431 deduxit
979 3388 1096 3447 tanquam
1110 3376 1215 3444 paratino

432 3486 517 3540 oquae,
530 3478 618 3539 potest
631 3471 722 3540 utique
735 3470 834 3525 sitienti
849 3469 909 3525 fidei
923 3469 1020 3524 douram
1029 3468 1143 3538 Spiritus
1154 3483 1216 3522 san·

432 3563 479 3624 cti,
493 3560 564 3632 qnod
587 3561 631 3615 illa
651 3576 695 3616 res
708 3569 782 3631 qesta
801 3561 973 3630 spiritualiter
990 3557 1162 3630 significabat,
1176 3558 1216 3612 in·

433 3651 543 3707 fundere
556 3652 590 3708 de
604 3651 733 3723 spirituali
754 3660 881 3722 sequanus
894 3660 978 3722 petra,
992 3649 1062 3722 quod
1081 3659 1123 3704 cst
1138 3648 1216 3704 Clari-

433 3745 513 3815 stus(
527 3742 536 3796 l
550 3743 645 3807 Cous,
659 3741 718 3814 ll:
734 3743 779 3814 qui
801 3743 887 3798 stabat
908 3752 936 3799 et
956 3741 1096 3806 clamabat,
1112 3740 1144 3796 Si
1161 3740 1216 3810 quia

433 3840 494 3904 sitit,
509 3839 589 3893 reniet
606 3838 641 3892 ud
660 3853 719 3904 ute,·
732 3847 768 3899 et.
784 3836 835 3905 Qui
855 3835 940 3890 biberit
961 3835 992 3889 de
1006 3851 1071 3904 aquo
1084 3850 1158 3904 quom
1171 3849 1216 3903 epo

434 3930 515 3994 dedo,
534 3931 639 3999 pontino
660 3945 732 3999 oquoe
752 3930 812 3983 uiuo
830 3929 906 3996 {luem
925 3927 957 3980 dr
976 3918 1060 3980 emitr'e
1077 3926 1142 3994 ejus.
1162 3923 1218 3977 lloc

436 4021 501 4074 enim
523 4019 636 4084 dicebat,
655 4021 723 4073 sieut
746 4019 771 4072 in
790 4017 932 4086 Evangelio
954 4015 1058 4083 legitur,
1076 4015 1106 4067 de
1121 4013 1219 4083 Spiritu

436 4128 508 4180 quern
526 4110 651 4180 accepturi
664 4118 734 4163 erunt
748 4107 873 4162 credentes
891 4109 917 4160 in
934 4123 989 4160 euru
1002 4107 1011 4175 (
1022 4105 1099 4159 loon.
1111 4121 1156 4168 ιιι,
1170 4106 1219 4159 at·

438 4203 472 4257 bb
484 4203 503 4271 ).
517 4202 557 4257 tid
571 4217 649 4270 quem
662 4201 732 4255 uelut
746 4200 817 4270 virga
836 4198 935 4268 lignum
956 4198 1084 4268 passionis
1097 4198 1218 4265 assumit,

439 4307 467 4348 ut
483 4301 617 4347 emanaret
629 4290 799 4345 eretlentibus
813 4289 904 4359 pratia.

475 4385 517 4439 ll.
528 4381 602 4455 [ucrt.
614 4380 669 4454 lb]
681 4382 713 4435 Ft
724 4391 809 4435 tamen
823 4379 860 4433 illi
874 4389 996 4448 tanquam
1006 4378 1132 4447 pancratio
1144 4394 1220 4444 prore

441 4487 465 4533 et
485 4477 635 4537 sumntum,
655 4465 823 4542 opposuerunt
844 4473 926 4524 adduc
947 4487 1050 4539 peccora
1062 4472 1085 4524 ei
1100 4487 1109 4525 .·
1125 4471 1149 4524 id
1169 4479 1219 4533 est,

441 4584 494 4625 uon
516 4566 633 4622 eredere.
650 4565 714 4619 llam
738 4564 788 4618 lroc
810 4570 851 4617 est
874 4573 1007 4632 peccatum
1026 4561 1124 4631 dequo
1138 4563 1222 4631 arguit

431 4661 555 4733 xSpiritus
575 4658 717 4719 mumdum,
737 4657 805 4711 sieut
825 4656 950 4709 Dontinus
968 4655 1052 4709 dicit:
1070 4653 1105 4708 De
1124 4665 1222 4724 peceato

445 4753 551 4820 quidem,
571 4751 630 4821 quio
653 4765 702 4802 non
721 4748 876 4801 crediderunt
897 4747 923 4798 in
945 4762 983 4798 ute
1002 4744 1056 4818 (ld.
1068 4761 1122 4811 ιιι,
1136 4744 1175 4815 9).
1189 4745 1223 4799 ut

444 4845 649 4898 eaeterbooerunt
662 4839 817 4893 ⁴ditissimum
829 4837 856 4891 in
869 4837 998 4891 siccitate:
1008 4836 1078 4906 quod
1092 4836 1134 4890 alii
1148 4835 1222 4891 eodi-

444 4952 490 4992 ccs
511 4935 621 5000 liaberet,
637 4934 662 4986 in
682 4934 812 5002 inaquoso,
829 4929 898 5000 quod
915 4928 949 4985 de
962 4943 1047 4999 praeco
1060 4938 1101 4984 est
1113 4942 1222 4999 expres·

447 5027 509 5088 sius,
522 5039 573 5079 nee
590 5022 659 5078 alind
680 5036 758 5092 qnam
777 5021 921 5076 siccitatem
942 5019 1079 5088 signilicat.
1090 5017 1182 5074 Utrum
1197 5020 1222 5073 in

446 5118 493 5171 illa
514 5114 597 5172 eremi
618 5112 746 5176 siccitate,
761 5126 793 5166 au
808 5111 893 5181 potius
908 5110 933 5163 in
946 5110 1011 5163 suat
1021 5109 1086 5175 eria
1106 5109 1167 5164 lieet
1181 5109 1222 5164 bi-

446 5206 547 5262 bissent
559 5203 593 5260 de
607 5211 692 5272 petra,
705 5216 757 5255 non
771 5209 886 5267 ventres,
899 5198 945 5254 sed
959 5208 1061 5253 mentes
1075 5197 1162 5253 aridas
1176 5198 1224 5252 ba-

448 5296 573 5362 bebant,·
588 5294 659 5350 nulla
683 5293 798 5348 virentes
821 5291 979 5347 ieettnditato
1000 5290 1116 5361 justitiae.
1132 5290 1159 5344 ln
1174 5305 1224 5358 qna

449 5388 567 5445 siccitate
578 5386 661 5456 magis
673 5384 785 5441 bdeliter
795 5383 848 5438 uro
858 5383 989 5453 supplices
999 5397 1058 5438 esse
1069 5381 1223 5449 debuerant,

448 5481 535 5551 utqui
552 5480 698 5536 satietatem
711 5477 854 5532 donaverat
875 5474 1001 5539 lancibus,
1015 5473 1162 5543 :equitatem
1175 5471 1224 5526 do·

449 5581 526 5630 naret
533 5582 561 5628 ct
569 5570 695 5626 moribus.
706 5569 746 5624 td
756 5581 816 5624 eum
826 5566 922 5638 quippe
932 5565 1015 5621 tidelis
1024 5565 1110 5620 anima
1119 5564 1225 5632 elamat,

451 5665 526 5724 ooo
540 5665 589 5720 urei
601 5640 699 5718 eldeum
712 5663 852 5733 equitatem
865 5658 950 5732 (Psoi.
963 5675 1017 5727 ιιι,
1029 5657 1069 5729 2).

486 5759 529 5814 15.
549 5753 623 5830 [uera
636 5751 742 5826 teto]
758 5752 790 5806 Et
805 5760 955 5806 tentaverunt
966 5749 1055 5805 Deum
1068 5751 1095 5803 in
1114 5748 1227 5802 cordibus

451 5848 513 5914 tuis,
527 5855 555 5900 ιι
568 5854 676 5916 peterent
693 5859 762 5899 urea
779 5840 907 5896 animabus
921 5839 982 5896 suis.
994 5838 1070 5895 uliud
1084 5848 1123 5892 est
1137 5847 1227 5908 petere

451 5936 599 6001 credendo,
623 5933 694 5990 aliud
719 5931 854 5988 tenmndo.
876 5931 995 6002 benique
1017 5929 1152 5999 sequitur:
1168 5945 1177 5979 r
1195 5927 1228 5981 Et

452 6035 622 6093 detraxerunt
640 6026 674 6082 de
694 6025 756 6088 beo,
778 6032 805 6078 ιι
827 6023 948 6090 dixerunt
961 6041 968 6077 :
982 6019 1111 6094 Numquid
1132 6016 1228 6088 poterit

486 6144 541 6195 'sle
550 6147 603 6194 ttss.
616 6149 643 6195 ιι
654 6135 721 6202 tdd..
731 6137 853 6202 ιιιιιιει.

1249 1181 1386 1237 animabus
1398 1184 1462 1238 suis.
1475 1183 1531 1238 b'on
1543 1185 1581 1239 sio
1590 1184 1725 1255 apostolus
1734 1185 1847 1240 lacobus
1861 1200 1948 1240 escam
1959 1202 2032 1239 ruera·

1250 1276 1284 1328 tis
1305 1275 1423 1344 praecipit
1446 1275 1594 1346 postulari;
1617 1276 1664 1332 sed
1685 1292 1699 1331 a
1721 1276 1889 1332 credentibus
1907 1292 1964 1331 eam
1979 1279 2032 1345 peti

1250 1365 1386 1432 admonet,
1401 1381 1451 1420 non
1464 1382 1480 1421 a
1493 1367 1652 1422 tentantibus
1662 1376 1741 1438 atque
1752 1367 1949 1424 detrahentibus
1961 1368 2031 1423 beo:

1251 1456 1349 1523 Siquis
1362 1466 1446 1511 autern
1457 1467 1575 1523 oestrum,
1588 1459 1683 1529 inquit,
1693 1460 1787 1531 indiqet
1800 1460 1932 1530 supientia,
1948 1469 2035 1529 poetar·

1252 1550 1311 1603 leto
1325 1548 1388 1616 Deo,
1404 1550 1447 1620 qui
1459 1550 1503 1604 dut
1516 1551 1629 1606 ornrtidua
1643 1553 1778 1622 affluenter,
1796 1563 1819 1608 et
1837 1569 1887 1607 nort
1907 1554 2033 1622 imprope-

1252 1650 1292 1694 ιιι
1302 1656 1312 1704 ,·
1324 1649 1347 1693 et
1360 1640 1460 1695 deditur
1472 1643 1514 1696 ei:
1525 1644 1631 1713 postulet
1643 1653 1725 1698 urrtent
1739 1645 1765 1697 ia
1779 1644 1830 1714 pide
1840 1646 1904 1700 nilril
1918 1646 2036 1700 lusitana

1255 1731 1365 1802 (iacobi
1379 1748 1397 1797 t,
1408 1734 1434 1798 5,
1451 1733 1498 1806 6).
1515 1735 1587 1790 lianc
1601 1735 1678 1791 dalem
1699 1752 1750 1790 non
1765 1736 1876 1792 babebat
1891 1736 2035 1808 generatio.

1253 1839 1312 1895 quas
1334 1840 1380 1880 cor
1404 1841 1455 1880 nort
1479 1828 1611 1883 direxerat
1632 1845 1719 1894 stiram,
1734 1839 1761 1885 et
1778 1845 1830 1886 uon
1846 1842 1903 1887 erant
1922 1831 2039 1888 creditus

1253 1930 1313 1969 eutn
1330 1915 1385 1971 Deo
1399 1915 1506 1986 spiritns
1519 1919 1586 1986 ejus.

1290 2006 1334 2061 ld.
1349 2004 1422 2079 [arere
1436 2006 1495 2081 st]
1511 2007 1619 2079 Propter
1633 2012 1680 2064 boc
1693 2012 1787 2066 audiuit
1799 2010 1933 2078 domiuus,
1948 2022 1971 2068 et
1985 2013 2038 2068 dir-

1256 2097 1322 2164 tuiit,
1340 2107 1365 2152 et
1384 2099 1449 2169 iquis
1468 2116 1585 2156 accensus
1600 2110 1635 2156 est
1646 2103 1673 2156 irt
1691 2102 1781 2171 lueob,
1795 2112 1819 2157 et
1838 2105 1877 2158 ire
1890 2105 2000 2160 aceedit
2013 2106 2042 2159 in

1257 2188 1348 2245 lsrael.
1364 2190 1494 2262 Exposuit
1506 2193 1568 2264 quill
1583 2194 1669 2265 iqnem
1683 2194 1789 2250 dixerit.
1803 2194 1871 2250 lram
1885 2197 1983 2267 quippe
1994 2211 2042 2265 ap-

1256 2280 1364 2350 pellauit
1379 2282 1465 2351 quem
1477 2297 1643 2354 :quanquam
1655 2285 1750 2340 multos
1764 2286 1869 2356 proprie
1883 2286 1961 2341 etiam
1976 2285 2042 2356 ignis

1257 2373 1418 2428 accenderit.
1431 2371 1499 2441 Quid
1513 2389 1577 2444 ergo
1595 2374 1718 2446 estquod
1733 2376 1782 2430 ait:
1794 2375 1894 2431 Audiuit
1908 2375 2041 2441 dominus,

1259 2473 1284 2517 et
1296 2462 1412 2519 distulit?
1422 2464 1463 2519 bn
1478 2464 1579 2520 distulit
1590 2480 1636 2521 ens
1651 2466 1819 2522 introducere
1831 2466 1858 2522 in
1874 2476 1970 2522 terram
1983 2481 2045 2538 pro-

1260 2555 1405 2624 missionis,
1428 2572 1481 2628 quo
1504 2558 1686 2624 ducebantur;
1700 2560 1771 2630 quod
1794 2560 1861 2615 iutra
1876 2575 1974 2630 paucos
1987 2561 2045 2616 dies

1261 2646 1318 2702 lieri
1333 2655 1446 2716 poterat,
1464 2648 1510 2703 sed
1531 2657 1638 2718 propter
1658 2663 1764 2721 peccata
1786 2651 1811 2705 iu
1831 2666 1921 2706 eremo
1942 2651 2046 2707 lucratu

1261 2738 1425 2804 conterendi,
1435 2738 1478 2793 ubi
1489 2742 1628 2795 etcontriti
1636 2752 1698 2795 sunt
1707 2757 1754 2810 per
1762 2735 1932 2814 quadraginta
1945 2744 2045 2799 annosi

1262 2828 1337 2898 Quod
1351 2829 1373 2884 si
1387 2830 1422 2885 ita
1433 2838 1484 2896 est,
1495 2830 1596 2886 distulit
1610 2846 1673 2902 erqo
1684 2831 1820 2901 populum,
1832 2848 1885 2887 nnn
1898 2835 1962 2888 istos
1974 2833 2047 2903 ipsos

1263 2919 1307 2989 qui
1331 2929 1462 2976 tentantes
1485 2920 1658 2976 detrahebant
1681 2924 1714 2976 de
1733 2922 1804 2986 lle03
1826 2936 1886 2977 nam
1908 2935 2000 2978 omnes
2020 2924 2046 2977 in

1263 3028 1353 3069 eremo
1364 3014 1508 3084 perierunt,
1520 3024 1546 3069 et
1556 3013 1601 3069 lilii
1612 3028 1704 3069 corum
1718 3014 1743 3068 in
1759 3025 1854 3068 terram
1866 3014 2047 3084 promissionis

1265 3108 1376 3178 ingressi
1398 3117 1468 3163 strat.
1488 3109 1530 3163 An
1551 3107 1653 3163 distulit
1673 3122 1788 3176 poenam,
1807 3116 1835 3161 ut
1855 3108 1927 3177 prius
1941 3108 2048 3162 satiaret

1265 3200 1344 3255 ctiam
1358 3198 1490 3256 ireddelem
1505 3199 1800 3268 concupiscentiarum
1815 3210 1952 3268 propterca
1971 3207 2048 3268 puta·

1266 3299 1339 3346 retur
1352 3294 1432 3344 leatus
1445 3291 1504 3361 quia
1518 3291 1570 3345 boe
1584 3291 1617 3346 ab
1630 3290 1686 3357 illn,
1700 3290 1760 3345 lieet
1776 3299 1908 3345 tentantes
1922 3297 1948 3345 et
1959 3289 2049 3345 detra-

1267 3380 1370 3440 bentes,
1383 3382 1506 3450 petebant
1517 3381 1586 3450 qarod
1598 3382 1684 3435 iacere
1695 3396 1747 3435 uon
1758 3380 1867 3449 posset?
1877 3381 1978 3434 aaudirit
1986 3388 2050 3449 ergo

1267 3485 1290 3528 et
1301 3473 1397 3529 distulit
1411 3474 1562 3539 uindicare,
1579 3484 1604 3527 ot
1617 3485 1787 3545 posteaquam
1812 3472 1874 3528 iecit
1895 3473 1976 3543 quod*
1988 3487 2050 3528 euru

1267 3568 1305 3623 illi
1324 3567 1410 3622 lacere
1424 3582 1476 3622 naon
1492 3581 1568 3636 posse
1582 3575 1748 3637 putaverunt,
1765 3575 1828 3621 tune
1846 3566 1885 3619 ira
1901 3567 2050 3620 ascenditis

1268 3658 1360 3714 lsrael.

1303 3745 1348 3808 l'lss
1364 3751 1437 3826 [uera
1450 3750 1559 3824 22·5l.]
1571 3751 1689 3821 Denique
1702 3759 1813 3820 utroque
1826 3749 1942 3805 breuiter
1953 3749 2049 3819 posito,

1269 3845 1393 3914 deinceps
1405 3853 1495 3912 aperte
1509 3842 1629 3897 ordinem
1645 3841 1803 3896 narrationis
1815 3842 1975 3910 exsequitur.
1986 3841 2052 3907 Quia

1269 3953 1320 3989 nou
1331 3934 1487 3988 crediderunt
1499 3935 1524 3987 irr
1533 3932 1597 3998 Deo,
1609 3949 1652 3986 aec
1662 3942 1821 4001 spemrerunt
1834 3933 1859 3985 in
1868 3932 1978 3987 solutore
1987 3934 2051 4002 eius.

1270 4024 1389 4093 Namque
1401 4038 1461 4078 eum
1475 4022 1586 4078 dixisset
1600 4037 1682 4092 quare
1695 4023 1761 4093 ignis
1775 4036 1902 4076 accerrsus
1915 4032 1955 4077 cst
1967 4022 1993 4076 in
2005 4020 2052 4078 Ja-

1271 4117 1330 4183 cob,
1344 4124 1371 4170 et
1383 4116 1422 4170 ira
1437 4114 1556 4170 aseendit
1571 4115 1597 4168 in
1613 4113 1709 4179 lsrael,
1727 4113 1754 4168 id
1768 4121 1819 4178 est,
1832 4114 1890 4182 quia
1909 4130 1958 4167 nora
1970 4114 2052 4168 credi·

1272 4209 1361 4261 derunt
1374 4208 1401 4261 in
1415 4205 1479 4272 Deo,
1494 4218 1538 4260 nee
1550 4215 1710 4276 speraverunt
1723 4205 1749 4258 in
1762 4205 1871 4259 sulmone
1884 4206 1953 4275 ejus,
1966 4205 2054 4261 couti·

1190 4306 1193 4311 ·
1272 4312 1325 4353 nuo
1348 4295 1491 4368 subjiciens
1513 4308 1591 4367 quam
1616 4294 1781 4350 evidentibus
1802 4293 1938 4350 benefieiis
1959 4294 2055 4366 ingrati

1273 4387 1389 4453 luerunt,
1405 4406 1415 4440 r
1431 4387 1466 4442 Et
1478 4385 1622 4452 mandarit,
1642 4404 1651 4437 ι
1668 4386 1762 4456 inquit,
1778 4403 1787 4437 r
1805 4385 1916 4441 nubibus
1930 4384 2054 4456 desuper,

1273 4489 1300 4534 et
1316 4478 1411 4550 januas
1429 4477 1490 4534 eceli
1508 4476 1620 4549 aperuit.
1634 4477 1667 4531 Et
1682 4476 1747 4546 pluit
1761 4475 1813 4532 illis
1826 4490 1921 4530 marana
1936 4477 1969 4531 ad
1981 4492 2056 4532 man·

1273 4569 1439 4637 ducendum,
1459 4578 1487 4626 ιι
1505 4584 1598 4640 panem
1610 4568 1671 4624 eoeli
1685 4567 1758 4623 dedit
1770 4568 1818 4623 eis.
1831 4566 1928 4623 Panem
1939 4568 2055 4638 Angelo-

1274 4679 1333 4719 rum
1350 4661 1517 4718 manducauit
1529 4660 1608 4716 bomo
1621 4660 1659 4732 (ι)
1670 4677 1677 4715 2
1690 4659 1787 4715 cibaria
1800 4659 1872 4715 misit
1883 4661 1923 4714 eis
1935 4659 1961 4714 in
1972 4660 2056 4714 abura-

1274 4754 1373 4810 dantia.
1393 4753 1537 4808 Transtulit
1557 4753 1681 4807 Austrum
1702 4750 1735 4806 de
1758 4750 1836 4817 eoelo,
1857 4759 1884 4805 et
1905 4749 2006 4805 induxit
2029 4750 2054 4804 in

1275 4847 1370 4901 virtute
1384 4861 1431 4900 sua
1445 4844 1573 4900 ulricum.
1590 4843 1624 4898 Et
1641 4843 1708 4913 pluit
1728 4857 1808 4912 super
1820 4856 1867 4896 eos
1886 4842 1954 4896 sieut
1967 4839 2056 4911 pulue-

1276 4954 1331 4993 rem
1346 4952 1450 5004 carnes,
1463 4947 1490 4992 et
1503 4936 1570 4991 sieut
1588 4949 1695 4990 arenam
1710 4933 1791 4988 muris
1805 4931 1919 4986 volatilia
1933 4940 2055 5000 peruncta.

1277 5030 1309 5084 Et
1330 5030 1482 5084 ceciderunt
1504 5028 1529 5081 in
1551 5025 1639 5082 medio
1658 5032 1804 5080 castrorum
1820 5037 1920 5087 eorum,
1935 5022 2005 5078 cirea
2019 5031 2057 5077 ιι-

1276 5122 1417 5178 bernacula
1431 5136 1532 5178 eorum
1543 5120 1578 5174 Ει
1590 5117 1827 5180 manducaverunt,
1839 5123 1867 5171 et
1877 5115 1986 5170 saturati
1996 5124 2057 5168 sunt

1277 5215 1377 5281 ninris;
1399 5221 1426 5269 et
1446 5210 1605 5268 desiderium
1629 5223 1720 5263 eorum
1742 5205 1830 5261 attulit
1850 5205 1889 5260 eis
1903 5223 1909 5259 :
1923 5219 1975 5260 non
1994 5191 2057 5258 ἰιιιιι

1277 5308 1370 5379 priuati
1385 5321 1400 5360 a
1413 5303 1544 5361 desiderio
1556 5316 1614 5357 sno.
1630 5320 1639 5352 r
1654 5300 1723 5354 Ecce
1737 5312 1818 5368 quare
1832 5296 1978 5352 distulerat.
1990 5294 2056 5364 Qtrid

1276 5408 1365 5455 tutem
1380 5396 1530 5458 distulerat,
1546 5392 1700 5448 audiamus:
1712 5389 1801 5442 Adbuc
1822 5405 1877 5443 esce
1896 5397 1949 5443 erat
1969 5386 1995 5439 in
2016 5400 2058 5436 ore

1278 5495 1399 5560 ipsorum,
1413 5496 1438 5542 et
1451 5488 1490 5540 iro
1501 5484 1549 5539 bet
1566 5482 1677 5538 aseendit
1690 5497 1765 5550 super
1779 5496 1829 5535 eos.
1842 5480 1912 5534 Eece
1924 5472 1992 5547 quod
2002 5474 2057 5528 dis-

1279 5582 1383 5636 tulerat.
1396 5578 1471 5632 Prius
1482 5576 1563 5638 enim,
1574 5573 1667 5628 distulit
1677 5588 1686 5634 ,·
1698 5580 1725 5626 et
1737 5579 1837 5641 postea,
1858 5569 1923 5641 iqnit
1939 5580 2058 5627 pererratis

1279 5680 1316 5725 est
1327 5671 1353 5723 iu
1365 5667 1454 5733 tarot,
1470 5675 1492 5720 et
1506 5665 1545 5719 ira
1564 5664 1672 5718 exaudit
1686 5664 1712 5717 iu
1724 5661 1816 5717 lsrael.
1830 5658 1970 5715 bistnlerat
1983 5670 2057 5725 ergo,

1280 5770 1309 5816 ut
1322 5761 1394 5831 prius
1406 5759 1504 5814 iaceret
1515 5756 1584 5828 quod
1597 5770 1657 5811 sum
1675 5755 1761 5810 lacere
1779 5767 1830 5806 non
1845 5761 1921 5818 posse
1938 5745 2059 5801 eredide-

1281 5860 1349 5914 rant,
1361 5849 1455 5906 deinde
1471 5847 1579 5904 irtierret
1590 5847 1660 5918 quod
1673 5860 1719 5901 eos
1732 5843 1785 5915 pati
1798 5839 1943 5910 oportebat.
1954 5837 2019 5892 Nam
2034 5837 2057 5891 si

1281 5951 1410 6014 ponerent
1429 5941 1455 5996 in
1473 5940 1527 5996 Deo
1540 5954 1613 6009 spem
1623 5953 1707 6001 suam,
1722 5949 1773 5988 non
1786 5930 1870 5985 solnm
1881 5929 1921 5984 eis
1933 5927 1978 5984 illa
1989 5926 2059 5983 desi-

1312 6059 1348 6171 (ἓ)
1363 6057 1451 6119 tdemr
1470 6054 1500 6106 95
1511 6053 1642 6117 explicante
1654 6061 1725 6113 supra
1737 6048 1761 6096 iu
1772 6041 1831 6094 t‘sal.
1845 6055 1928 6106 mut,
1940 6052 2014 6094 tunt.
2034 6041 2058 6105 l,

1283 6137 1307 6171 u.
1338 6160 1343 6172 .
