<?xml version="1.0" encoding="UTF-8"?>
<!DOCTYPE html PUBLIC "-//W3C//DTD XHTML 1.0 Transitional//EN"
    "http://www.w3.org/TR/xhtml1/DTD/xhtml1-transitional.dtd">
<html xmlns="http://www.w3.org/1999/xhtml" xml:lang="en" lang="en">
 <head>
  <title>
</title>
<meta http-equiv="Content-Type" content="text/html;charset=utf-8" />
  <meta name='ocr-system' content='tesseract 3.04.00' />
  <meta name='ocr-capabilities' content='ocr_page ocr_carea ocr_par ocr_line ocrx_word'/>
</head>
<body>
  <div class='ocr_page' id='page_1' title='image "./patrologiaecurs71unkngoog_0014.png"; bbox 0 0 5025 6925; ppageno 0'>
   <div class='ocr_carea' id='block_1_1' title="bbox 517 736 2136 805">
    <p class='ocr_par' dir='ltr' id='par_1_1' title="bbox 517 736 2136 805">
     <span class='ocr_line' id='line_1_1' title="bbox 517 736 2136 805; baseline -0.007 -5"><span class='ocrx_word' id='word_1_1' title='bbox 517 745 552 800; x_wconf 84' lang='lat' dir='ltr'><strong>rr</strong></span> <span class='ocrx_word' id='word_1_2' title='bbox 911 736 914 745; x_wconf 88' lang='grc'><em>·</em></span> <span class='ocrx_word' id='word_1_3' title='bbox 1235 739 1428 798; x_wconf 71' lang='lat' dir='ltr'><strong>onerario.</strong></span> <span class='ocrx_word' id='word_1_4' title='bbox 2102 750 2136 805; x_wconf 68' lang='lat'><strong>,0</strong></span> 
     </span>
    </p>
   </div>
   <div class='ocr_carea' id='block_1_2' title="bbox 513 852 2207 3150">
    <p class='ocr_par' dir='ltr' id='par_1_2' title="bbox 516 852 2142 1394">
     <span class='ocr_line' id='line_1_2' title="bbox 517 852 2140 925; baseline 0.006 -15"><span class='ocrx_word' id='word_1_5' title='bbox 517 852 840 925; x_wconf 81' lang='lat' dir='ltr'><strong>corrigantur,·obrucndi</strong></span> <span class='ocrx_word' id='word_1_6' title='bbox 853 863 931 919; x_wconf 92' lang='lat' dir='ltr'><strong>sunt,</strong></span> <span class='ocrx_word' id='word_1_7' title='bbox 948 853 1099 924; x_wconf 68' lang='lat' dir='ltr'><strong>prophetias</strong></span> <span class='ocrx_word' id='word_1_8' title='bbox 1118 869 1149 911; x_wconf 89' lang='lat' dir='ltr'><strong>ac</strong></span> <span class='ocrx_word' id='word_1_9' title='bbox 1169 856 1376 924; x_wconf 83' lang='lat' dir='ltr'><strong>pradictiones:</strong></span> <span class='ocrx_word' id='word_1_10' title='bbox 1392 855 1498 910; x_wconf 80' lang='lat' dir='ltr'><strong>havidis</strong></span> <span class='ocrx_word' id='word_1_11' title='bbox 1515 866 1576 910; x_wconf 85' lang='lat' dir='ltr'><strong>vota</strong></span> <span class='ocrx_word' id='word_1_12' title='bbox 1599 855 1726 912; x_wconf 79' lang='lat' dir='ltr'><strong>adsersus</strong></span> <span class='ocrx_word' id='word_1_13' title='bbox 1748 857 1867 915; x_wconf 91' lang='lat' dir='ltr'><strong>inimicos</strong></span> <span class='ocrx_word' id='word_1_14' title='bbox 1888 876 1949 918; x_wconf 88' lang='lat' dir='ltr'><strong>suos</strong></span> <span class='ocrx_word' id='word_1_15' title='bbox 1962 863 2098 918; x_wconf 89' lang='lat' dir='ltr'><strong>meliorem</strong></span> <span class='ocrx_word' id='word_1_16' title='bbox 2113 866 2140 920; x_wconf 93' lang='lat' dir='ltr'><strong>ln</strong></span> 
     </span>
     <span class='ocr_line' id='line_1_3' title="bbox 518 947 2142 1022; baseline 0.004 -20"><span class='ocrx_word' id='word_1_17' title='bbox 518 961 620 1017; x_wconf 88' lang='lat' dir='ltr'><strong>partem</strong></span> <span class='ocrx_word' id='word_1_18' title='bbox 636 947 803 1016; x_wconf 87' lang='lat' dir='ltr'><strong>accipienda,</strong></span> <span class='ocrx_word' id='word_1_19' title='bbox 815 948 903 1017; x_wconf 78' lang='lat' dir='ltr'><strong>ibique</strong></span> <span class='ocrx_word' id='word_1_20' title='bbox 921 963 1014 1019; x_wconf 78' lang='lat' dir='ltr'><strong>preces</strong></span> <span class='ocrx_word' id='word_1_21' title='bbox 1027 949 1122 1018; x_wconf 91' lang='lat' dir='ltr'><strong>quibus</strong></span> <span class='ocrx_word' id='word_1_22' title='bbox 1133 949 1183 1003; x_wconf 84' lang='lat' dir='ltr'><strong>uiri</strong></span> <span class='ocrx_word' id='word_1_23' title='bbox 1198 951 1282 1003; x_wconf 87' lang='lat' dir='ltr'><strong>saarcti</strong></span> <span class='ocrx_word' id='word_1_24' title='bbox 1304 960 1458 1019; x_wconf 84' lang='lat' dir='ltr'><strong>peccatores</strong></span> <span class='ocrx_word' id='word_1_25' title='bbox 1480 949 1534 1003; x_wconf 85' lang='lat' dir='ltr'><strong>lieo</strong></span> <span class='ocrx_word' id='word_1_26' title='bbox 1553 950 1759 1014; x_wconf 82' lang='lat' dir='ltr'><strong>commendam,</strong></span> <span class='ocrx_word' id='word_1_27' title='bbox 1781 951 1980 1022; x_wconf 87' lang='lat' dir='ltr'><strong>intelligendas:</strong></span> <span class='ocrx_word' id='word_1_28' title='bbox 1995 954 2142 1009; x_wconf 84' lang='lat' dir='ltr'><strong>locutiones</strong></span> 
     </span>
     <span class='ocr_line' id='line_1_4' title="bbox 519 1042 2141 1116; baseline 0.001 -17"><span class='ocrx_word' id='word_1_29' title='bbox 519 1045 587 1110; x_wconf 91' lang='lat' dir='ltr'><strong>illas,</strong></span> <span class='ocrx_word' id='word_1_30' title='bbox 601 1043 675 1113; x_wconf 77' lang='lat' dir='ltr'><strong>queis</strong></span> <span class='ocrx_word' id='word_1_31' title='bbox 687 1042 853 1098; x_wconf 78' lang='lat' dir='ltr'><strong>ailrersarios</strong></span> <span class='ocrx_word' id='word_1_32' title='bbox 867 1057 929 1098; x_wconf 90' lang='lat' dir='ltr'><strong>suos</strong></span> <span class='ocrx_word' id='word_1_33' title='bbox 938 1042 1061 1098; x_wconf 86' lang='lat' dir='ltr'><strong>conlundi</strong></span> <span class='ocrx_word' id='word_1_34' title='bbox 1074 1085 1081 1106; x_wconf 91' lang='lat'><strong>,</strong></span> <span class='ocrx_word' id='word_1_35' title='bbox 1095 1042 1207 1109; x_wconf 88' lang='lat' dir='ltr'><strong>cadere,</strong></span> <span class='ocrx_word' id='word_1_36' title='bbox 1222 1042 1354 1116; x_wconf 82' lang='lat' dir='ltr'><strong>prosterni</strong></span> <span class='ocrx_word' id='word_1_37' title='bbox 1367 1044 1454 1113; x_wconf 88' lang='lat' dir='ltr'><strong>petit,</strong></span> <span class='ocrx_word' id='word_1_38' title='bbox 1466 1042 1577 1096; x_wconf 89' lang='lat' dir='ltr'><strong>obseura</strong></span> <span class='ocrx_word' id='word_1_39' title='bbox 1599 1042 1713 1112; x_wconf 92' lang='lat' dir='ltr'><strong>quadam</strong></span> <span class='ocrx_word' id='word_1_40' title='bbox 1732 1043 1834 1097; x_wconf 89' lang='lat' dir='ltr'><strong>ratione</strong></span> <span class='ocrx_word' id='word_1_41' title='bbox 1850 1054 2015 1113; x_wconf 88' lang='lat' dir='ltr'><strong>peecatorum</strong></span> <span class='ocrx_word' id='word_1_42' title='bbox 2026 1062 2141 1101; x_wconf 83' lang='lat' dir='ltr'><strong>eonver-</strong></span> 
     </span>
     <span class='ocr_line' id='line_1_5' title="bbox 518 1134 2142 1209; baseline 0.001 -16"><span class='ocrx_word' id='word_1_43' title='bbox 518 1140 620 1193; x_wconf 87' lang='lat' dir='ltr'><strong>sioncm</strong></span> <span class='ocrx_word' id='word_1_44' title='bbox 640 1152 671 1191; x_wconf 85' lang='lat' dir='ltr'><strong>ac</strong></span> <span class='ocrx_word' id='word_1_45' title='bbox 686 1137 866 1206; x_wconf 76' lang='lat' dir='ltr'><strong>paenitentiam</strong></span> <span class='ocrx_word' id='word_1_46' title='bbox 882 1137 998 1192; x_wconf 81' lang='lat' dir='ltr'><strong>indicam</strong></span> <span class='ocrx_word' id='word_1_47' title='bbox 1012 1137 1054 1192; x_wconf 89' lang='lat' dir='ltr'><strong>:si</strong></span> <span class='ocrx_word' id='word_1_48' title='bbox 1073 1135 1177 1205; x_wconf 90' lang='lat' dir='ltr'><strong>quando</strong></span> <span class='ocrx_word' id='word_1_49' title='bbox 1192 1135 1283 1191; x_wconf 89' lang='lat' dir='ltr'><strong>hostes</strong></span> <span class='ocrx_word' id='word_1_50' title='bbox 1295 1136 1403 1192; x_wconf 80' lang='lat' dir='ltr'><strong>uincere</strong></span> <span class='ocrx_word' id='word_1_51' title='bbox 1421 1146 1468 1190; x_wconf 88' lang='lat' dir='ltr'><strong>aut</strong></span> <span class='ocrx_word' id='word_1_52' title='bbox 1480 1136 1513 1191; x_wconf 91' lang='lat' dir='ltr'><strong>ab</strong></span> <span class='ocrx_word' id='word_1_53' title='bbox 1535 1134 1636 1190; x_wconf 88' lang='lat' dir='ltr'><strong>eisdem</strong></span> <span class='ocrx_word' id='word_1_54' title='bbox 1650 1136 1756 1190; x_wconf 89' lang='lat' dir='ltr'><strong>liberari</strong></span> <span class='ocrx_word' id='word_1_55' title='bbox 1769 1137 1876 1205; x_wconf 87' lang='lat' dir='ltr'><strong>capiat,</strong></span> <span class='ocrx_word' id='word_1_56' title='bbox 1904 1147 1993 1209; x_wconf 78' lang='lat' dir='ltr'><strong>ret-cm</strong></span> <span class='ocrx_word' id='word_1_57' title='bbox 2006 1141 2142 1195; x_wconf 85' lang='lat' dir='ltr'><strong>orationes</strong></span> 
     </span>
     <span class='ocr_line' id='line_1_6' title="bbox 516 1227 2141 1300; baseline 0.002 -16"><span class='ocrx_word' id='word_1_58' title='bbox 516 1244 587 1293; x_wconf 83' lang='lat' dir='ltr'><strong>esse,</strong></span> <span class='ocrx_word' id='word_1_59' title='bbox 600 1238 633 1283; x_wconf 90' lang='lat' dir='ltr'><strong>he</strong></span> <span class='ocrx_word' id='word_1_60' title='bbox 646 1231 671 1282; x_wconf 90' lang='lat' dir='ltr'><strong>la</strong></span> <span class='ocrx_word' id='word_1_61' title='bbox 686 1228 874 1283; x_wconf 77' lang='lat' dir='ltr'><strong>terrmtiouibus</strong></span> <span class='ocrx_word' id='word_1_62' title='bbox 887 1228 1060 1283; x_wconf 90' lang='lat' dir='ltr'><strong>succumbat:</strong></span> <span class='ocrx_word' id='word_1_63' title='bbox 1077 1227 1191 1298; x_wconf 80' lang='lat' dir='ltr'><strong>dariique</strong></span> <span class='ocrx_word' id='word_1_64' title='bbox 1205 1243 1254 1297; x_wconf 90' lang='lat' dir='ltr'><strong>per</strong></span> <span class='ocrx_word' id='word_1_65' title='bbox 1274 1228 1395 1283; x_wconf 89' lang='lat' dir='ltr'><strong>inimicos</strong></span> <span class='ocrx_word' id='word_1_66' title='bbox 1418 1228 1537 1292; x_wconf 79' lang='lat' dir='ltr'><strong>havidis,</strong></span> <span class='ocrx_word' id='word_1_67' title='bbox 1553 1244 1605 1282; x_wconf 90' lang='lat' dir='ltr'><strong>uon</strong></span> <span class='ocrx_word' id='word_1_68' title='bbox 1628 1228 1762 1284; x_wconf 75' lang='lat' dir='ltr'><strong>demones</strong></span> <span class='ocrx_word' id='word_1_69' title='bbox 1787 1238 1887 1283; x_wconf 91' lang='lat' dir='ltr'><strong>tantum</strong></span> <span class='ocrx_word' id='word_1_70' title='bbox 1907 1238 1952 1283; x_wconf 89' lang='lat' dir='ltr'><strong>aut</strong></span> <span class='ocrx_word' id='word_1_71' title='bbox 1972 1244 2141 1300; x_wconf 85' lang='lat' dir='ltr'><strong>peccatores,</strong></span> 
     </span>
     <span class='ocr_line' id='line_1_7' title="bbox 516 1321 1813 1394; baseline -0.002 -15"><span class='ocrx_word' id='word_1_72' title='bbox 516 1325 563 1380; x_wconf 91' lang='lat' dir='ltr'><strong>sed</strong></span> <span class='ocrx_word' id='word_1_73' title='bbox 578 1333 604 1379; x_wconf 92' lang='lat' dir='ltr'><strong>et</strong></span> <span class='ocrx_word' id='word_1_74' title='bbox 618 1324 679 1378; x_wconf 87' lang='lat' dir='ltr'><strong>ritia</strong></span> <span class='ocrx_word' id='word_1_75' title='bbox 691 1334 769 1394; x_wconf 91' lang='lat' dir='ltr'><strong>atque</strong></span> <span class='ocrx_word' id='word_1_76' title='bbox 782 1325 862 1378; x_wconf 85' lang='lat' dir='ltr'><strong>aniani</strong></span> <span class='ocrx_word' id='word_1_77' title='bbox 876 1323 995 1390; x_wconf 83' lang='lat' dir='ltr'><strong>allectus,</strong></span> <span class='ocrx_word' id='word_1_78' title='bbox 1006 1323 1102 1394; x_wconf 90' lang='lat' dir='ltr'><strong>quibus</strong></span> <span class='ocrx_word' id='word_1_79' title='bbox 1121 1324 1247 1378; x_wconf 91' lang='lat' dir='ltr'><strong>continuo</strong></span> <span class='ocrx_word' id='word_1_80' title='bbox 1266 1323 1291 1376; x_wconf 93' lang='lat' dir='ltr'><strong>in</strong></span> <span class='ocrx_word' id='word_1_81' title='bbox 1305 1324 1346 1378; x_wconf 85' lang='lat' dir='ltr'><strong>ria</strong></span> <span class='ocrx_word' id='word_1_82' title='bbox 1360 1321 1451 1378; x_wconf 87' lang='lat' dir='ltr'><strong>salutis</strong></span> <span class='ocrx_word' id='word_1_83' title='bbox 1462 1323 1655 1393; x_wconf 80' lang='lat' dir='ltr'><strong>impugnamur,</strong></span> <span class='ocrx_word' id='word_1_84' title='bbox 1670 1322 1813 1393; x_wconf 86' lang='lat' dir='ltr'><strong>designari.</strong></span> 
     </span>
    </p>

    <p class='ocr_par' dir='ltr' id='par_1_3' title="bbox 517 1402 2142 1851">
     <span class='ocr_line' id='line_1_8' title="bbox 553 1402 2141 1486; baseline 0.001 -16"><span class='ocrx_word' id='word_1_85' title='bbox 553 1416 608 1471; x_wconf 92' lang='lat' dir='ltr'><strong>llac</strong></span> <span class='ocrx_word' id='word_1_86' title='bbox 622 1416 713 1470; x_wconf 88' lang='lat' dir='ltr'><strong>eadem</strong></span> <span class='ocrx_word' id='word_1_87' title='bbox 727 1415 816 1486; x_wconf 87' lang='lat' dir='ltr'><strong>regula</strong></span> <span class='ocrx_word' id='word_1_88' title='bbox 829 1402 983 1480; x_wconf 86' lang='lat' dir='ltr'><strong>adducitur,</strong></span> <span class='ocrx_word' id='word_1_89' title='bbox 997 1423 1027 1469; x_wconf 96' lang='lat' dir='ltr'><strong>ut</strong></span> <span class='ocrx_word' id='word_1_90' title='bbox 1039 1414 1181 1484; x_wconf 88' lang='lat' dir='ltr'><strong>petitiones</strong></span> <span class='ocrx_word' id='word_1_91' title='bbox 1201 1414 1444 1484; x_wconf 87' lang='lat' dir='ltr'><strong>promissionesque</strong></span> <span class='ocrx_word' id='word_1_92' title='bbox 1461 1413 1639 1476; x_wconf 84' lang='lat' dir='ltr'><strong>Psalmorum,</strong></span> <span class='ocrx_word' id='word_1_93' title='bbox 1654 1430 1712 1483; x_wconf 89' lang='lat' dir='ltr'><strong>qtae</strong></span> <span class='ocrx_word' id='word_1_94' title='bbox 1726 1414 1760 1467; x_wconf 90' lang='lat' dir='ltr'><strong>ad</strong></span> <span class='ocrx_word' id='word_1_95' title='bbox 1780 1414 1867 1485; x_wconf 85' lang='lat' dir='ltr'><strong>apices</strong></span> <span class='ocrx_word' id='word_1_96' title='bbox 1888 1415 2014 1484; x_wconf 79' lang='lat' dir='ltr'><strong>exposite</strong></span> <span class='ocrx_word' id='word_1_97' title='bbox 2037 1417 2141 1471; x_wconf 88' lang='lat' dir='ltr'><strong>nonnisi</strong></span> 
     </span>
     <span class='ocr_line' id='line_1_9' title="bbox 517 1505 2141 1578; baseline 0.002 -18"><span class='ocrx_word' id='word_1_98' title='bbox 517 1508 670 1576; x_wconf 86' lang='lat' dir='ltr'><strong>terrrporalia</strong></span> <span class='ocrx_word' id='word_1_99' title='bbox 685 1508 751 1561; x_wconf 90' lang='lat' dir='ltr'><strong>bona</strong></span> <span class='ocrx_word' id='word_1_100' title='bbox 766 1506 926 1577; x_wconf 82' lang='lat' dir='ltr'><strong>significant.</strong></span> <span class='ocrx_word' id='word_1_101' title='bbox 942 1507 1047 1562; x_wconf 80' lang='lat' dir='ltr'><strong>atomis</strong></span> <span class='ocrx_word' id='word_1_102' title='bbox 1068 1506 1269 1561; x_wconf 88' lang='lat' dir='ltr'><strong>accommodet:</strong></span> <span class='ocrx_word' id='word_1_103' title='bbox 1284 1522 1343 1577; x_wconf 76' lang='lat' dir='ltr'><strong>quar</strong></span> <span class='ocrx_word' id='word_1_104' title='bbox 1365 1505 1399 1561; x_wconf 90' lang='lat' dir='ltr'><strong>dc</strong></span> <span class='ocrx_word' id='word_1_105' title='bbox 1410 1508 1535 1562; x_wconf 72' lang='lat' dir='ltr'><strong>exteriori</strong></span> <span class='ocrx_word' id='word_1_106' title='bbox 1549 1508 1675 1561; x_wconf 83' lang='lat' dir='ltr'><strong>uirtutum</strong></span> <span class='ocrx_word' id='word_1_107' title='bbox 1698 1509 1823 1563; x_wconf 82' lang='lat' dir='ltr'><strong>exercitio</strong></span> <span class='ocrx_word' id='word_1_108' title='bbox 1838 1508 2041 1578; x_wconf 68' lang='lat' dir='ltr'><strong>precipiantur,</strong></span> <span class='ocrx_word' id='word_1_109' title='bbox 2053 1510 2084 1564; x_wconf 90' lang='lat' dir='ltr'><strong>ad</strong></span> <span class='ocrx_word' id='word_1_110' title='bbox 2101 1513 2141 1564; x_wconf 92' lang='lat' dir='ltr'><strong>ia-</strong></span> 
     </span>
     <span class='ocr_line' id='line_1_10' title="bbox 517 1595 2139 1668; baseline 0.004 -18"><span class='ocrx_word' id='word_1_111' title='bbox 517 1601 642 1652; x_wconf 86' lang='lat' dir='ltr'><strong>tcriorem</strong></span> <span class='ocrx_word' id='word_1_112' title='bbox 666 1599 788 1667; x_wconf 87' lang='lat' dir='ltr'><strong>pictatem</strong></span> <span class='ocrx_word' id='word_1_113' title='bbox 808 1597 969 1652; x_wconf 74' lang='lat' dir='ltr'><strong>transierat:</strong></span> <span class='ocrx_word' id='word_1_114' title='bbox 990 1597 1095 1652; x_wconf 91' lang='lat' dir='ltr'><strong>demum</strong></span> <span class='ocrx_word' id='word_1_115' title='bbox 1122 1597 1281 1665; x_wconf 91' lang='lat' dir='ltr'><strong>ubicumque</strong></span> <span class='ocrx_word' id='word_1_116' title='bbox 1302 1595 1413 1666; x_wconf 90' lang='lat' dir='ltr'><strong>templi,</strong></span> <span class='ocrx_word' id='word_1_117' title='bbox 1437 1597 1591 1652; x_wconf 83' lang='lat' dir='ltr'><strong>elevationis</strong></span> <span class='ocrx_word' id='word_1_118' title='bbox 1614 1599 1771 1664; x_wconf 91' lang='lat' dir='ltr'><strong>oculorum,</strong></span> <span class='ocrx_word' id='word_1_119' title='bbox 1794 1600 1919 1654; x_wconf 88' lang='lat' dir='ltr'><strong>clarueris</strong></span> <span class='ocrx_word' id='word_1_120' title='bbox 1931 1643 1938 1666; x_wconf 90' lang='lat'><strong>,</strong></span> <span class='ocrx_word' id='word_1_121' title='bbox 1950 1603 2044 1656; x_wconf 82' lang='lat' dir='ltr'><strong>cantici</strong></span> <span class='ocrx_word' id='word_1_122' title='bbox 2059 1605 2139 1668; x_wconf 83' lang='lat' dir='ltr'><strong>riori,</strong></span> 
     </span>
     <span class='ocr_line' id='line_1_11' title="bbox 519 1688 2142 1765; baseline 0.004 -22"><span class='ocrx_word' id='word_1_123' title='bbox 519 1689 605 1744; x_wconf 90' lang='lat' dir='ltr'><strong>laudis</strong></span> <span class='ocrx_word' id='word_1_124' title='bbox 615 1690 714 1744; x_wconf 89' lang='lat' dir='ltr'><strong>mentia</strong></span> <span class='ocrx_word' id='word_1_125' title='bbox 728 1690 772 1755; x_wconf 88' lang='lat' dir='ltr'><strong>ht,</strong></span> <span class='ocrx_word' id='word_1_126' title='bbox 787 1705 835 1743; x_wconf 89' lang='lat' dir='ltr'><strong>nos</strong></span> <span class='ocrx_word' id='word_1_127' title='bbox 848 1689 907 1744; x_wconf 91' lang='lat' dir='ltr'><strong>inde</strong></span> <span class='ocrx_word' id='word_1_128' title='bbox 918 1688 951 1743; x_wconf 90' lang='lat' dir='ltr'><strong>ad</strong></span> <span class='ocrx_word' id='word_1_129' title='bbox 964 1690 1060 1744; x_wconf 92' lang='lat' dir='ltr'><strong>mentis</strong></span> <span class='ocrx_word' id='word_1_130' title='bbox 1072 1698 1098 1743; x_wconf 91' lang='lat' dir='ltr'><strong>ct</strong></span> <span class='ocrx_word' id='word_1_131' title='bbox 1108 1688 1195 1743; x_wconf 89' lang='lat' dir='ltr'><strong>cordis</strong></span> <span class='ocrx_word' id='word_1_132' title='bbox 1208 1688 1361 1745; x_wconf 87' lang='lat' dir='ltr'><strong>allectioues</strong></span> <span class='ocrx_word' id='word_1_133' title='bbox 1374 1703 1406 1743; x_wconf 86' lang='lat' dir='ltr'><strong>ac</strong></span> <span class='ocrx_word' id='word_1_134' title='bbox 1419 1699 1517 1756; x_wconf 91' lang='lat' dir='ltr'><strong>motus,</strong></span> <span class='ocrx_word' id='word_1_135' title='bbox 1528 1689 1561 1744; x_wconf 89' lang='lat' dir='ltr'><strong>atl</strong></span> <span class='ocrx_word' id='word_1_136' title='bbox 1577 1691 1654 1745; x_wconf 83' lang='lat' dir='ltr'><strong>uitam</strong></span> <span class='ocrx_word' id='word_1_137' title='bbox 1673 1707 1779 1758; x_wconf 78' lang='lat' dir='ltr'><strong>trovam,</strong></span> <span class='ocrx_word' id='word_1_138' title='bbox 1794 1707 1896 1746; x_wconf 88' lang='lat' dir='ltr'><strong>necnon</strong></span> <span class='ocrx_word' id='word_1_139' title='bbox 1913 1693 1944 1747; x_wconf 90' lang='lat' dir='ltr'><strong>ad</strong></span> <span class='ocrx_word' id='word_1_140' title='bbox 1960 1710 2069 1763; x_wconf 90' lang='lat' dir='ltr'><strong>operum</strong></span> <span class='ocrx_word' id='word_1_141' title='bbox 2082 1713 2142 1765; x_wconf 75' lang='lat' dir='ltr'><strong>que</strong></span> 
     </span>
     <span class='ocr_line' id='line_1_12' title="bbox 517 1780 1363 1851; baseline -0.002 -15"><span class='ocrx_word' id='word_1_142' title='bbox 517 1781 587 1836; x_wconf 79' lang='lat' dir='ltr'><strong>aens</strong></span> <span class='ocrx_word' id='word_1_143' title='bbox 599 1782 624 1834; x_wconf 93' lang='lat' dir='ltr'><strong>iu</strong></span> <span class='ocrx_word' id='word_1_144' title='bbox 639 1797 712 1836; x_wconf 92' lang='lat' dir='ltr'><strong>suam</strong></span> <span class='ocrx_word' id='word_1_145' title='bbox 724 1781 833 1851; x_wconf 89' lang='lat' dir='ltr'><strong>gloriam</strong></span> <span class='ocrx_word' id='word_1_146' title='bbox 847 1781 943 1836; x_wconf 90' lang='lat' dir='ltr'><strong>cedcrc</strong></span> <span class='ocrx_word' id='word_1_147' title='bbox 953 1780 1036 1849; x_wconf 87' lang='lat' dir='ltr'><strong>jubet,</strong></span> <span class='ocrx_word' id='word_1_148' title='bbox 1051 1781 1216 1835; x_wconf 86' lang='lat' dir='ltr'><strong>sanctitatem</strong></span> <span class='ocrx_word' id='word_1_149' title='bbox 1233 1780 1363 1837; x_wconf 85' lang='lat' dir='ltr'><strong>traducat.</strong></span> 
     </span>
    </p>

    <p class='ocr_par' dir='ltr' id='par_1_4' title="bbox 513 1873 2207 3150">
     <span class='ocr_line' id='line_1_13' title="bbox 552 1873 2139 1946; baseline 0.002 -15"><span class='ocrx_word' id='word_1_150' title='bbox 552 1874 793 1944; x_wconf 82' lang='lat' dir='ltr'><strong>Utcrpeditiorcar</strong></span> <span class='ocrx_word' id='word_1_151' title='bbox 815 1874 890 1929; x_wconf 91' lang='lat' dir='ltr'><strong>nobis</strong></span> <span class='ocrx_word' id='word_1_152' title='bbox 903 1874 1003 1928; x_wconf 91' lang='lat' dir='ltr'><strong>aditum</strong></span> <span class='ocrx_word' id='word_1_153' title='bbox 1028 1874 1168 1928; x_wconf 86' lang='lat' dir='ltr'><strong>adsensus</strong></span> <span class='ocrx_word' id='word_1_154' title='bbox 1195 1873 1254 1928; x_wconf 90' lang='lat' dir='ltr'><strong>illos</strong></span> <span class='ocrx_word' id='word_1_155' title='bbox 1275 1874 1439 1931; x_wconf 77' lang='lat' dir='ltr'><strong>insinuandae</strong></span> <span class='ocrx_word' id='word_1_156' title='bbox 1459 1873 1549 1943; x_wconf 90' lang='lat' dir='ltr'><strong>pietati</strong></span> <span class='ocrx_word' id='word_1_157' title='bbox 1573 1874 1639 1929; x_wconf 88' lang='lat' dir='ltr'><strong>adea</strong></span> <span class='ocrx_word' id='word_1_158' title='bbox 1662 1875 1843 1930; x_wconf 88' lang='lat' dir='ltr'><strong>conducibiles</strong></span> <span class='ocrx_word' id='word_1_159' title='bbox 1865 1888 1982 1946; x_wconf 86' lang='lat' dir='ltr'><strong>pararet,</strong></span> <span class='ocrx_word' id='word_1_160' title='bbox 2003 1880 2070 1934; x_wconf 87' lang='lat' dir='ltr'><strong>riam</strong></span> <span class='ocrx_word' id='word_1_161' title='bbox 2087 1897 2139 1935; x_wconf 90' lang='lat' dir='ltr'><strong>noa</strong></span> 
     </span>
     <span class='ocr_line' id='line_1_14' title="bbox 517 1965 2200 2040; baseline 0.001 -18"><span class='ocrx_word' id='word_1_162' title='bbox 517 1967 677 2040; x_wconf 90' lang='lat' dir='ltr'><strong>potuitinire</strong></span> <span class='ocrx_word' id='word_1_163' title='bbox 691 1968 797 2036; x_wconf 85' lang='lat' dir='ltr'><strong>majoris</strong></span> <span class='ocrx_word' id='word_1_164' title='bbox 818 1965 982 2037; x_wconf 86' lang='lat' dir='ltr'><strong>compendii,</strong></span> <span class='ocrx_word' id='word_1_165' title='bbox 995 1982 1073 2036; x_wconf 92' lang='lat' dir='ltr'><strong>quam</strong></span> <span class='ocrx_word' id='word_1_166' title='bbox 1093 1968 1114 2021; x_wconf 92' lang='lat' dir='ltr'><strong>si</strong></span> <span class='ocrx_word' id='word_1_167' title='bbox 1127 1968 1276 2036; x_wconf 89' lang='lat' dir='ltr'><strong>loquentem</strong></span> <span class='ocrx_word' id='word_1_168' title='bbox 1301 1966 1407 2022; x_wconf 82' lang='lat' dir='ltr'><strong>llaridis</strong></span> <span class='ocrx_word' id='word_1_169' title='bbox 1423 1981 1469 2020; x_wconf 88' lang='lat' dir='ltr'><strong>ore</strong></span> <span class='ocrx_word' id='word_1_170' title='bbox 1488 1967 1626 2020; x_wconf 82' lang='lat' dir='ltr'><strong>[toartinam</strong></span> <span class='ocrx_word' id='word_1_171' title='bbox 1648 1966 1737 2022; x_wconf 81' lang='lat' dir='ltr'><strong>losum</strong></span> <span class='ocrx_word' id='word_1_172' title='bbox 1762 1968 1915 2031; x_wconf 87' lang='lat' dir='ltr'><strong>induceret,</strong></span> <span class='ocrx_word' id='word_1_173' title='bbox 1931 1982 2006 2038; x_wconf 86' lang='lat' dir='ltr'><strong>praru</strong></span> <span class='ocrx_word' id='word_1_174' title='bbox 2027 1973 2063 2025; x_wconf 91' lang='lat' dir='ltr'><strong>illi</strong></span> <span class='ocrx_word' id='word_1_175' title='bbox 2079 1989 2139 2026; x_wconf 90' lang='lat' dir='ltr'><strong>cum</strong></span> <span class='ocrx_word' id='word_1_176' title='bbox 2197 2014 2200 2022; x_wconf 90' lang='lat'><strong>.</strong></span> 
     </span>
     <span class='ocr_line' id='line_1_15' title="bbox 517 2057 2142 2133; baseline 0.001 -18"><span class='ocrx_word' id='word_1_177' title='bbox 517 2061 642 2117; x_wconf 84' lang='lat' dir='ltr'><strong>Veterum</strong></span> <span class='ocrx_word' id='word_1_178' title='bbox 657 2075 736 2125; x_wconf 90' lang='lat' dir='ltr'><strong>usus,</strong></span> <span class='ocrx_word' id='word_1_179' title='bbox 752 2070 807 2114; x_wconf 89' lang='lat' dir='ltr'><strong>turn</strong></span> <span class='ocrx_word' id='word_1_180' title='bbox 822 2061 862 2115; x_wconf 87' lang='lat' dir='ltr'><strong>vel</strong></span> <span class='ocrx_word' id='word_1_181' title='bbox 875 2061 989 2114; x_wconf 85' lang='lat' dir='ltr'><strong>maxime</strong></span> <span class='ocrx_word' id='word_1_182' title='bbox 1000 2058 1175 2130; x_wconf 89' lang='lat' dir='ltr'><strong>quorumdam</strong></span> <span class='ocrx_word' id='word_1_183' title='bbox 1189 2060 1309 2114; x_wconf 85' lang='lat' dir='ltr'><strong>locorum</strong></span> <span class='ocrx_word' id='word_1_184' title='bbox 1324 2076 1340 2115; x_wconf 89' lang='lat' dir='ltr'><strong>e</strong></span> <span class='ocrx_word' id='word_1_185' title='bbox 1354 2058 1466 2115; x_wconf 87' lang='lat' dir='ltr'><strong>Psalmis</strong></span> <span class='ocrx_word' id='word_1_186' title='bbox 1485 2059 1510 2112; x_wconf 91' lang='lat' dir='ltr'><strong>in</strong></span> <span class='ocrx_word' id='word_1_187' title='bbox 1523 2057 1596 2113; x_wconf 83' lang='lat' dir='ltr'><strong>Nouo</strong></span> <span class='ocrx_word' id='word_1_188' title='bbox 1609 2060 1780 2115; x_wconf 84' lang='lat' dir='ltr'><strong>Testamenta</strong></span> <span class='ocrx_word' id='word_1_189' title='bbox 1795 2060 1860 2114; x_wconf 81' lang='lat' dir='ltr'><strong>tacu</strong></span> <span class='ocrx_word' id='word_1_190' title='bbox 1879 2062 2060 2131; x_wconf 86' lang='lat' dir='ltr'><strong>interpretatio</strong></span> <span class='ocrx_word' id='word_1_191' title='bbox 2075 2082 2142 2133; x_wconf 70' lang='lat' dir='ltr'><strong>prae</strong></span> 
     </span>
     <span class='ocr_line' id='line_1_16' title="bbox 516 2151 2141 2225; baseline 0.001 -16"><span class='ocrx_word' id='word_1_192' title='bbox 516 2153 676 2209; x_wconf 80' lang='lat' dir='ltr'><strong>scribebant.</strong></span> <span class='ocrx_word' id='word_1_193' title='bbox 691 2153 868 2207; x_wconf 88' lang='lat' dir='ltr'><strong>Tertullianus</strong></span> <span class='ocrx_word' id='word_1_194' title='bbox 888 2154 914 2207; x_wconf 94' lang='lat' dir='ltr'><strong>iu</strong></span> <span class='ocrx_word' id='word_1_195' title='bbox 935 2153 1003 2207; x_wconf 91' lang='lat' dir='ltr'><strong>libro</strong></span> <span class='ocrx_word' id='word_1_196' title='bbox 1016 2152 1143 2207; x_wconf 87' lang='lat' dir='ltr'><strong>adversus</strong></span> <span class='ocrx_word' id='word_1_197' title='bbox 1156 2152 1285 2207; x_wconf 86' lang='lat' dir='ltr'><strong>Praxcam</strong></span> <span class='ocrx_word' id='word_1_198' title='bbox 1297 2151 1388 2207; x_wconf 91' lang='lat' dir='ltr'><strong>scribit</strong></span> <span class='ocrx_word' id='word_1_199' title='bbox 1403 2169 1410 2205; x_wconf 92' lang='lat'><strong>:</strong></span> <span class='ocrx_word' id='word_1_200' title='bbox 1428 2152 1480 2208; x_wconf 84' lang='lat' dir='ltr'><strong>Sed</strong></span> <span class='ocrx_word' id='word_1_201' title='bbox 1498 2163 1521 2206; x_wconf 89' lang='lat' dir='ltr'><strong>et</strong></span> <span class='ocrx_word' id='word_1_202' title='bbox 1535 2169 1620 2207; x_wconf 85' lang='lat' dir='ltr'><strong>omnes</strong></span> <span class='ocrx_word' id='word_1_203' title='bbox 1643 2169 1707 2224; x_wconf 88' lang='lat' dir='ltr'><strong>pene</strong></span> <span class='ocrx_word' id='word_1_204' title='bbox 1724 2152 1820 2208; x_wconf 87' lang='lat' dir='ltr'><strong>Psalmi</strong></span> <span class='ocrx_word' id='word_1_205' title='bbox 1831 2152 1926 2209; x_wconf 84' lang='lat' dir='ltr'><strong>Christi</strong></span> <span class='ocrx_word' id='word_1_206' title='bbox 1938 2172 2070 2225; x_wconf 84' lang='lat' dir='ltr'><strong>perronam</strong></span> <span class='ocrx_word' id='word_1_207' title='bbox 2083 2174 2141 2211; x_wconf 86' lang='lat' dir='ltr'><strong>sua·</strong></span> 
     </span>
     <span class='ocr_line' id='line_1_17' title="bbox 516 2245 2141 2325; baseline 0.004 -24"><span class='ocrx_word' id='word_1_208' title='bbox 516 2251 612 2313; x_wconf 88' lang='lat' dir='ltr'><strong>tinent,</strong></span> <span class='ocrx_word' id='word_1_209' title='bbox 628 2246 652 2299; x_wconf 86' lang='lat' dir='ltr'><em>F</em></span> <span class='ocrx_word' id='word_1_210' title='bbox 653 2246 724 2300; x_wconf 86' lang='lat' dir='ltr'><strong>iliam</strong></span> <span class='ocrx_word' id='word_1_211' title='bbox 736 2246 769 2298; x_wconf 92' lang='lat' dir='ltr'><strong>ad</strong></span> <span class='ocrx_word' id='word_1_212' title='bbox 782 2245 895 2312; x_wconf 85' lang='lat' dir='ltr'><strong>Patrem,</strong></span> <span class='ocrx_word' id='word_1_213' title='bbox 910 2247 986 2301; x_wconf 82' lang='lat' dir='ltr'><strong>idest</strong></span> <span class='ocrx_word' id='word_1_214' title='bbox 1000 2246 1172 2301; x_wconf 85' lang='lat' dir='ltr'><strong>Claristamad</strong></span> <span class='ocrx_word' id='word_1_215' title='bbox 1192 2246 1272 2301; x_wconf 84' lang='lat' dir='ltr'><strong>Deum</strong></span> <span class='ocrx_word' id='word_1_216' title='bbox 1291 2247 1507 2319; x_wconf 72' lang='lat' dir='ltr'><strong>cataractarum</strong></span> <span class='ocrx_word' id='word_1_217' title='bbox 1526 2258 1703 2318; x_wconf 80' lang='lat' dir='ltr'><strong>repraesentant</strong></span> <span class='ocrx_word' id='word_1_218' title='bbox 1717 2250 1797 2321; x_wconf 85' lang='lat' dir='ltr'><strong>(Cap.</strong></span> <span class='ocrx_word' id='word_1_219' title='bbox 1813 2250 1872 2322; x_wconf 89' lang='lat' dir='ltr'><strong>tt).</strong></span> <span class='ocrx_word' id='word_1_220' title='bbox 1888 2252 2065 2324; x_wconf 80' lang='lat' dir='ltr'><strong>Hieronymus</strong></span> <span class='ocrx_word' id='word_1_221' title='bbox 2083 2257 2141 2325; x_wconf 90' lang='lat' dir='ltr'><strong>cpi-</strong></span> 
     </span>
     <span class='ocr_line' id='line_1_18' title="bbox 513 2339 2140 2416; baseline 0.006 -22"><span class='ocrx_word' id='word_1_222' title='bbox 513 2342 584 2396; x_wconf 74' lang='lat' dir='ltr'><strong>stata</strong></span> <span class='ocrx_word' id='word_1_223' title='bbox 600 2340 633 2395; x_wconf 85' lang='lat' dir='ltr'><strong>ad</strong></span> <span class='ocrx_word' id='word_1_224' title='bbox 653 2340 791 2395; x_wconf 89' lang='lat' dir='ltr'><strong>Paulinum</strong></span> <span class='ocrx_word' id='word_1_225' title='bbox 806 2359 813 2396; x_wconf 74' lang='grc' dir='ltr'><strong><em>ε</em></strong></span> <span class='ocrx_word' id='word_1_226' title='bbox 827 2340 916 2404; x_wconf 84' lang='lat' dir='ltr'><strong>Dnaid,</strong></span> <span class='ocrx_word' id='word_1_227' title='bbox 928 2340 1070 2395; x_wconf 88' lang='lat' dir='ltr'><strong>Sintonides</strong></span> <span class='ocrx_word' id='word_1_228' title='bbox 1083 2351 1176 2406; x_wconf 87' lang='lat' dir='ltr'><strong>aester,</strong></span> <span class='ocrx_word' id='word_1_229' title='bbox 1196 2339 1325 2395; x_wconf 85' lang='lat' dir='ltr'><strong>Pindarus</strong></span> <span class='ocrx_word' id='word_1_230' title='bbox 1342 2352 1367 2397; x_wconf 88' lang='lat' dir='ltr'><strong>et</strong></span> <span class='ocrx_word' id='word_1_231' title='bbox 1383 2342 1499 2408; x_wconf 74' lang='lat' dir='ltr'><strong>diceas,</strong></span> <span class='ocrx_word' id='word_1_232' title='bbox 1514 2341 1623 2396; x_wconf 74' lang='lat' dir='ltr'><strong>t&#39;taecu</strong></span> <span class='ocrx_word' id='word_1_233' title='bbox 1641 2359 1752 2413; x_wconf 83' lang='lat' dir='ltr'><strong>qaoque,</strong></span> <span class='ocrx_word' id='word_1_234' title='bbox 1775 2342 1894 2407; x_wconf 84' lang='lat' dir='ltr'><strong>Catulus,</strong></span> <span class='ocrx_word' id='word_1_235' title='bbox 1917 2353 1990 2416; x_wconf 85' lang='lat' dir='ltr'><strong>atque</strong></span> <span class='ocrx_word' id='word_1_236' title='bbox 2009 2347 2140 2413; x_wconf 84' lang='lat' dir='ltr'><strong>Serenus,</strong></span> 
     </span>
     <span class='ocr_line' id='line_1_19' title="bbox 516 2429 2139 2507; baseline 0.004 -20"><span class='ocrx_word' id='word_1_237' title='bbox 516 2429 646 2487; x_wconf 81' lang='lat' dir='ltr'><strong>Christum</strong></span> <span class='ocrx_word' id='word_1_238' title='bbox 660 2433 715 2502; x_wconf 85' lang='lat' dir='ltr'><strong>ipra</strong></span> <span class='ocrx_word' id='word_1_239' title='bbox 737 2440 852 2502; x_wconf 80' lang='lat' dir='ltr'><strong>personat</strong></span> <span class='ocrx_word' id='word_1_240' title='bbox 864 2430 958 2501; x_wconf 80' lang='lat' dir='ltr'><strong>(Epist.</strong></span> <span class='ocrx_word' id='word_1_241' title='bbox 973 2430 1045 2499; x_wconf 71' lang='lat' dir='ltr'><strong>tua).</strong></span> <span class='ocrx_word' id='word_1_242' title='bbox 1060 2431 1172 2485; x_wconf 82' lang='lat' dir='ltr'><strong>Hilarius</strong></span> <span class='ocrx_word' id='word_1_243' title='bbox 1183 2447 1245 2485; x_wconf 86' lang='lat' dir='ltr'><strong>uem</strong></span> <span class='ocrx_word' id='word_1_244' title='bbox 1270 2432 1297 2485; x_wconf 90' lang='lat' dir='ltr'><strong>in</strong></span> <span class='ocrx_word' id='word_1_245' title='bbox 1322 2431 1429 2502; x_wconf 78' lang='lat' dir='ltr'><strong>prologo</strong></span> <span class='ocrx_word' id='word_1_246' title='bbox 1452 2448 1499 2486; x_wconf 94' lang='lat' dir='ltr'><strong>sun</strong></span> <span class='ocrx_word' id='word_1_247' title='bbox 1512 2432 1544 2486; x_wconf 90' lang='lat' dir='ltr'><strong>ad</strong></span> <span class='ocrx_word' id='word_1_248' title='bbox 1558 2433 1678 2487; x_wconf 88' lang='lat' dir='ltr'><strong>Psalmos</strong></span> <span class='ocrx_word' id='word_1_249' title='bbox 1698 2433 1723 2487; x_wconf 91' lang='lat' dir='ltr'><strong>id</strong></span> <span class='ocrx_word' id='word_1_250' title='bbox 1744 2434 1828 2503; x_wconf 89' lang='lat' dir='ltr'><strong>ipsum</strong></span> <span class='ocrx_word' id='word_1_251' title='bbox 1844 2434 1934 2489; x_wconf 89' lang='lat' dir='ltr'><strong>multis</strong></span> <span class='ocrx_word' id='word_1_252' title='bbox 1952 2440 2139 2507; x_wconf 75' lang='lat' dir='ltr'><strong>prosequitur,</strong></span> 
     </span>
     <span class='ocr_line' id='line_1_20' title="bbox 517 2523 2132 2599; baseline 0.004 -20"><span class='ocrx_word' id='word_1_253' title='bbox 517 2524 607 2595; x_wconf 80' lang='lat' dir='ltr'><strong>ibique</strong></span> <span class='ocrx_word' id='word_1_254' title='bbox 617 2524 751 2580; x_wconf 88' lang='lat' dir='ltr'><strong>contendit</strong></span> <span class='ocrx_word' id='word_1_255' title='bbox 763 2524 882 2579; x_wconf 90' lang='lat' dir='ltr'><strong>Psalmos</strong></span> <span class='ocrx_word' id='word_1_256' title='bbox 896 2523 1036 2578; x_wconf 81' lang='lat' dir='ltr'><strong>uttirersos</strong></span> <span class='ocrx_word' id='word_1_257' title='bbox 1045 2523 1185 2595; x_wconf 79' lang='lat' dir='ltr'><strong>allegoricis</strong></span> <span class='ocrx_word' id='word_1_258' title='bbox 1199 2533 1222 2577; x_wconf 86' lang='lat' dir='ltr'><strong>et</strong></span> <span class='ocrx_word' id='word_1_259' title='bbox 1235 2524 1328 2594; x_wconf 88' lang='lat' dir='ltr'><strong>tppicis</strong></span> <span class='ocrx_word' id='word_1_260' title='bbox 1339 2535 1467 2578; x_wconf 82' lang='lat' dir='ltr'><strong>contestas</strong></span> <span class='ocrx_word' id='word_1_261' title='bbox 1480 2542 1533 2579; x_wconf 85' lang='lat' dir='ltr'><strong>esse</strong></span> <span class='ocrx_word' id='word_1_262' title='bbox 1542 2525 1690 2594; x_wconf 85' lang='lat' dir='ltr'><strong>uirtutibus,</strong></span> <span class='ocrx_word' id='word_1_263' title='bbox 1704 2542 1763 2596; x_wconf 80' lang='lat' dir='ltr'><strong>qum</strong></span> <span class='ocrx_word' id='word_1_264' title='bbox 1773 2526 1807 2581; x_wconf 93' lang='lat' dir='ltr'><strong>ad</strong></span> <span class='ocrx_word' id='word_1_265' title='bbox 1819 2525 1952 2583; x_wconf 86' lang='lat' dir='ltr'><strong>Christum</strong></span> <span class='ocrx_word' id='word_1_266' title='bbox 1965 2532 2132 2599; x_wconf 78' lang='lat' dir='ltr'><strong>pertineant:</strong></span> 
     </span>
     <span class='ocr_line' id='line_1_21' title="bbox 516 2615 2140 2686; baseline 0.006 -16"><span class='ocrx_word' id='word_1_267' title='bbox 516 2617 574 2684; x_wconf 75' lang='lat' dir='ltr'><strong>eius</strong></span> <span class='ocrx_word' id='word_1_268' title='bbox 593 2615 747 2679; x_wconf 86' lang='lat' dir='ltr'><strong>adventum,</strong></span> <span class='ocrx_word' id='word_1_269' title='bbox 760 2615 984 2678; x_wconf 89' lang='lat' dir='ltr'><strong>incarnationem,</strong></span> <span class='ocrx_word' id='word_1_270' title='bbox 1010 2615 1410 2684; x_wconf 87' lang='lat' dir='ltr'><strong>passionem,resurrectionem</strong></span> <span class='ocrx_word' id='word_1_271' title='bbox 1434 2616 1547 2685; x_wconf 92' lang='lat' dir='ltr'><strong>denique</strong></span> <span class='ocrx_word' id='word_1_272' title='bbox 1569 2616 1738 2686; x_wconf 82' lang='lat' dir='ltr'><strong>acjudicium</strong></span> <span class='ocrx_word' id='word_1_273' title='bbox 1751 2659 1759 2679; x_wconf 89' lang='lat'><strong>,</strong></span> <span class='ocrx_word' id='word_1_274' title='bbox 1773 2619 1909 2674; x_wconf 85' lang='lat' dir='ltr'><strong>materiam</strong></span> <span class='ocrx_word' id='word_1_275' title='bbox 1931 2637 2035 2676; x_wconf 92' lang='lat' dir='ltr'><strong>omnem</strong></span> <span class='ocrx_word' id='word_1_276' title='bbox 2056 2627 2140 2679; x_wconf 89' lang='lat' dir='ltr'><strong>sacris</strong></span> 
     </span>
     <span class='ocr_line' id='line_1_22' title="bbox 518 2704 2140 2785; baseline 0.007 -24"><span class='ocrx_word' id='word_1_277' title='bbox 518 2705 592 2763; x_wconf 86' lang='lat' dir='ltr'><strong>hisce</strong></span> <span class='ocrx_word' id='word_1_278' title='bbox 602 2706 719 2762; x_wconf 91' lang='lat' dir='ltr'><strong>Canticis</strong></span> <span class='ocrx_word' id='word_1_279' title='bbox 732 2705 915 2775; x_wconf 77' lang='lat' dir='ltr'><strong>suppeditare,</strong></span> <span class='ocrx_word' id='word_1_280' title='bbox 929 2705 1084 2760; x_wconf 86' lang='lat' dir='ltr'><strong>carumdem</strong></span> <span class='ocrx_word' id='word_1_281' title='bbox 1100 2705 1285 2776; x_wconf 78' lang='lat' dir='ltr'><strong>mysteriorum</strong></span> <span class='ocrx_word' id='word_1_282' title='bbox 1297 2705 1374 2762; x_wconf 88' lang='lat' dir='ltr'><strong>lldem</strong></span> <span class='ocrx_word' id='word_1_283' title='bbox 1388 2704 1465 2760; x_wconf 85' lang='lat' dir='ltr'><strong>claris</strong></span> <span class='ocrx_word' id='word_1_284' title='bbox 1477 2706 1615 2776; x_wconf 81' lang='lat' dir='ltr'><strong>cujusdam</strong></span> <span class='ocrx_word' id='word_1_285' title='bbox 1630 2710 1711 2762; x_wconf 86' lang='lat' dir='ltr'><strong>relati</strong></span> <span class='ocrx_word' id='word_1_286' title='bbox 1726 2710 1784 2763; x_wconf 86' lang='lat' dir='ltr'><strong>nico</strong></span> <span class='ocrx_word' id='word_1_287' title='bbox 1796 2709 1889 2781; x_wconf 89' lang='lat' dir='ltr'><strong>iungi,</strong></span> <span class='ocrx_word' id='word_1_288' title='bbox 1905 2713 1963 2766; x_wconf 93' lang='lat' dir='ltr'><strong>sinc</strong></span> <span class='ocrx_word' id='word_1_289' title='bbox 1974 2715 2049 2783; x_wconf 82' lang='lat' dir='ltr'><strong>cujus</strong></span> <span class='ocrx_word' id='word_1_290' title='bbox 2059 2731 2140 2785; x_wconf 87' lang='lat' dir='ltr'><strong>opcra</strong></span> 
     </span>
     <span class='ocr_line' id='line_1_23' title="bbox 516 2798 2207 2877; baseline 0.004 -20"><span class='ocrx_word' id='word_1_291' title='bbox 516 2817 638 2858; x_wconf 84' lang='lat' dir='ltr'><strong>accessus</strong></span> <span class='ocrx_word' id='word_1_292' title='bbox 650 2800 683 2856; x_wconf 93' lang='lat' dir='ltr'><strong>ad</strong></span> <span class='ocrx_word' id='word_1_293' title='bbox 697 2800 861 2857; x_wconf 89' lang='lat' dir='ltr'><strong>Psalmorum</strong></span> <span class='ocrx_word' id='word_1_294' title='bbox 875 2800 1074 2869; x_wconf 75' lang='lat' dir='ltr'><strong>intelligentiam</strong></span> <span class='ocrx_word' id='word_1_295' title='bbox 1094 2800 1128 2853; x_wconf 90' lang='lat' dir='ltr'><strong>sit</strong></span> <span class='ocrx_word' id='word_1_296' title='bbox 1140 2800 1307 2854; x_wconf 86' lang='lat' dir='ltr'><strong>interclusus.</strong></span> <span class='ocrx_word' id='word_1_297' title='bbox 1323 2798 1352 2855; x_wconf 94' lang='lat' dir='ltr'><strong>ld</strong></span> <span class='ocrx_word' id='word_1_298' title='bbox 1373 2800 1495 2854; x_wconf 87' lang='lat' dir='ltr'><strong>similiter</strong></span> <span class='ocrx_word' id='word_1_299' title='bbox 1510 2800 1671 2866; x_wconf 82' lang='lat' dir='ltr'><strong>hragrastinns</strong></span> <span class='ocrx_word' id='word_1_300' title='bbox 1691 2800 1716 2855; x_wconf 94' lang='lat' dir='ltr'><strong>iu</strong></span> <span class='ocrx_word' id='word_1_301' title='bbox 1742 2800 1792 2857; x_wconf 92' lang='lat' dir='ltr'><strong>illis</strong></span> <span class='ocrx_word' id='word_1_302' title='bbox 1813 2802 1977 2870; x_wconf 79' lang='lat' dir='ltr'><strong>explicandis</strong></span> <span class='ocrx_word' id='word_1_303' title='bbox 2002 2822 2137 2877; x_wconf 90' lang='lat' dir='ltr'><strong>nunquam</strong></span> <span class='ocrx_word' id='word_1_304' title='bbox 2204 2858 2207 2874; x_wconf 81' lang='grc'>,</span> 
     </span>
     <span class='ocr_line' id='line_1_24' title="bbox 518 2890 2192 2965; baseline 0.002 -14"><span class='ocrx_word' id='word_1_305' title='bbox 518 2911 572 2951; x_wconf 90' lang='lat' dir='ltr'><strong>non</strong></span> <span class='ocrx_word' id='word_1_306' title='bbox 595 2895 727 2959; x_wconf 81' lang='lat' dir='ltr'><strong>inculcat,</strong></span> <span class='ocrx_word' id='word_1_307' title='bbox 740 2895 858 2949; x_wconf 88' lang='lat' dir='ltr'><strong>utetiam</strong></span> <span class='ocrx_word' id='word_1_308' title='bbox 872 2893 929 2961; x_wconf 90' lang='lat' dir='ltr'><strong>ipse</strong></span> <span class='ocrx_word' id='word_1_309' title='bbox 942 2906 1079 2947; x_wconf 86' lang='lat' dir='ltr'><strong>necessum</strong></span> <span class='ocrx_word' id='word_1_310' title='bbox 1093 2891 1188 2945; x_wconf 81' lang='lat' dir='ltr'><strong>haltrat</strong></span> <span class='ocrx_word' id='word_1_311' title='bbox 1209 2890 1379 2961; x_wconf 85' lang='lat' dir='ltr'><strong>mpetitioncs</strong></span> <span class='ocrx_word' id='word_1_312' title='bbox 1399 2905 1462 2947; x_wconf 90' lang='lat' dir='ltr'><strong>suas</strong></span> <span class='ocrx_word' id='word_1_313' title='bbox 1482 2890 1611 2947; x_wconf 90' lang='lat' dir='ltr'><strong>interdum</strong></span> <span class='ocrx_word' id='word_1_314' title='bbox 1634 2906 1776 2958; x_wconf 76' lang='lat' dir='ltr'><strong>excursare,</strong></span> <span class='ocrx_word' id='word_1_315' title='bbox 1797 2891 1876 2963; x_wconf 87' lang='lat' dir='ltr'><strong>hujus</strong></span> <span class='ocrx_word' id='word_1_316' title='bbox 1893 2895 1989 2965; x_wconf 76' lang='lat' dir='ltr'><strong>regulas</strong></span> <span class='ocrx_word' id='word_1_317' title='bbox 2003 2898 2141 2955; x_wconf 82' lang='lat' dir='ltr'><strong>utilitatem</strong></span> <span class='ocrx_word' id='word_1_318' title='bbox 2188 2937 2192 2945; x_wconf 83' lang='lat'>-</span> 
     </span>
     <span class='ocr_line' id='line_1_25' title="bbox 517 2971 2141 3055; baseline 0.001 -14"><span class='ocrx_word' id='word_1_319' title='bbox 517 2971 621 3043; x_wconf 83' lang='lat' dir='ltr'><strong>necnon</strong></span> <span class='ocrx_word' id='word_1_320' title='bbox 644 2987 715 3042; x_wconf 91' lang='lat' dir='ltr'><strong>illius</strong></span> <span class='ocrx_word' id='word_1_321' title='bbox 737 2985 819 3055; x_wconf 90' lang='lat' dir='ltr'><strong>probe</strong></span> <span class='ocrx_word' id='word_1_322' title='bbox 840 2982 1016 3055; x_wconf 65' lang='lat' dir='ltr'><strong>intelligendae</strong></span> <span class='ocrx_word' id='word_1_323' title='bbox 1041 2982 1225 3039; x_wconf 84' lang='lat' dir='ltr'><strong>necessitatem</strong></span> <span class='ocrx_word' id='word_1_324' title='bbox 1249 2981 1277 3036; x_wconf 94' lang='lat' dir='ltr'><strong>iu</strong></span> <span class='ocrx_word' id='word_1_325' title='bbox 1297 2980 1414 3037; x_wconf 89' lang='lat' dir='ltr'><strong>medium</strong></span> <span class='ocrx_word' id='word_1_326' title='bbox 1436 2980 1582 3051; x_wconf 77' lang='lat' dir='ltr'><strong>profereus.</strong></span> <span class='ocrx_word' id='word_1_327' title='bbox 1594 2981 1658 3050; x_wconf 82' lang='lat' dir='ltr'><strong>Ejus</strong></span> <span class='ocrx_word' id='word_1_328' title='bbox 1670 2983 1707 3036; x_wconf 91' lang='lat' dir='ltr'><strong>rei</strong></span> <span class='ocrx_word' id='word_1_329' title='bbox 1727 2993 1881 3051; x_wconf 88' lang='lat' dir='ltr'><strong>argumenta</strong></span> <span class='ocrx_word' id='word_1_330' title='bbox 1895 2984 2044 3052; x_wconf 92' lang='lat' dir='ltr'><strong>producite</strong></span> <span class='ocrx_word' id='word_1_331' title='bbox 2057 2988 2141 3042; x_wconf 89' lang='lat' dir='ltr'><strong>sacris</strong></span> 
     </span>
     <span class='ocr_line' id='line_1_26' title="bbox 516 3071 2141 3150; baseline -0.002 -14"><span class='ocrx_word' id='word_1_332' title='bbox 516 3079 661 3136; x_wconf 75' lang='lat' dir='ltr'><strong>(lodicibus</strong></span> <span class='ocrx_word' id='word_1_333' title='bbox 674 3079 755 3150; x_wconf 88' lang='lat' dir='ltr'><strong>petita</strong></span> <span class='ocrx_word' id='word_1_334' title='bbox 768 3095 776 3132; x_wconf 80' lang='lat' dir='ltr'><strong>t</strong></span> <span class='ocrx_word' id='word_1_335' title='bbox 790 3078 868 3148; x_wconf 89' lang='lat' dir='ltr'><strong>quale</strong></span> <span class='ocrx_word' id='word_1_336' title='bbox 879 3087 930 3140; x_wconf 84' lang='lat' dir='ltr'><strong>est,</strong></span> <span class='ocrx_word' id='word_1_337' title='bbox 942 3076 1015 3131; x_wconf 81' lang='lat' dir='ltr'><strong>uerbi</strong></span> <span class='ocrx_word' id='word_1_338' title='bbox 1029 3076 1123 3146; x_wconf 84' lang='lat' dir='ltr'><strong>gratia,</strong></span> <span class='ocrx_word' id='word_1_339' title='bbox 1138 3075 1203 3130; x_wconf 92' lang='lat' dir='ltr'><strong>illud</strong></span> <span class='ocrx_word' id='word_1_340' title='bbox 1210 3074 1307 3128; x_wconf 88' lang='lat' dir='ltr'><strong>Christi</strong></span> <span class='ocrx_word' id='word_1_341' title='bbox 1320 3075 1534 3144; x_wconf 80' lang='lat' dir='ltr'><strong>proarmuatum,</strong></span> <span class='ocrx_word' id='word_1_342' title='bbox 1547 3071 1654 3127; x_wconf 78' lang='lat' dir='ltr'><strong>Necesse</strong></span> <span class='ocrx_word' id='word_1_343' title='bbox 1667 3083 1703 3128; x_wconf 86' lang='lat' dir='ltr'><strong>est</strong></span> <span class='ocrx_word' id='word_1_344' title='bbox 1714 3074 1813 3143; x_wconf 85' lang='lat' dir='ltr'><strong>impleri</strong></span> <span class='ocrx_word' id='word_1_345' title='bbox 1822 3075 1905 3129; x_wconf 86' lang='lat' dir='ltr'><strong>omnia</strong></span> <span class='ocrx_word' id='word_1_346' title='bbox 1914 3092 1970 3145; x_wconf 85' lang='lat' dir='ltr'><strong>qare</strong></span> <span class='ocrx_word' id='word_1_347' title='bbox 1978 3078 2071 3145; x_wconf 85' lang='lat' dir='ltr'><strong>scripta</strong></span> <span class='ocrx_word' id='word_1_348' title='bbox 2082 3089 2141 3133; x_wconf 81' lang='lat' dir='ltr'><strong>sarit</strong></span> 
     </span>
    </p>
   </div>
   <div class='ocr_carea' id='block_1_3' title="bbox 421 3164 2140 3252">
    <p class='ocr_par' dir='ltr' id='par_1_5' title="bbox 421 3164 2140 3252">
     <span class='ocr_line' id='line_1_27' title="bbox 421 3164 2140 3252; baseline -0.002 -25"><span class='ocrx_word' id='word_1_349' title='bbox 421 3246 424 3252; x_wconf 18' lang='grc' dir='ltr'>ἱ</span> <span class='ocrx_word' id='word_1_350' title='bbox 515 3176 542 3228; x_wconf 91' lang='lat' dir='ltr'><strong>ia</strong></span> <span class='ocrx_word' id='word_1_351' title='bbox 553 3174 606 3243; x_wconf 83' lang='lat' dir='ltr'><strong>lape</strong></span> <span class='ocrx_word' id='word_1_352' title='bbox 617 3172 714 3243; x_wconf 82' lang='lat' dir='ltr'><strong>llopsi,</strong></span> <span class='ocrx_word' id='word_1_353' title='bbox 728 3181 751 3226; x_wconf 88' lang='lat' dir='ltr'><strong>et</strong></span> <span class='ocrx_word' id='word_1_354' title='bbox 766 3171 910 3241; x_wconf 84' lang='lat' dir='ltr'><strong>Prophetis,</strong></span> <span class='ocrx_word' id='word_1_355' title='bbox 921 3179 944 3224; x_wconf 87' lang='lat' dir='ltr'><strong>et</strong></span> <span class='ocrx_word' id='word_1_356' title='bbox 955 3168 1064 3223; x_wconf 84' lang='lat' dir='ltr'><strong>Psalmis</strong></span> <span class='ocrx_word' id='word_1_357' title='bbox 1080 3168 1111 3222; x_wconf 87' lang='lat' dir='ltr'><strong>de</strong></span> <span class='ocrx_word' id='word_1_358' title='bbox 1130 3184 1170 3221; x_wconf 87' lang='lat' dir='ltr'><strong>me</strong></span> <span class='ocrx_word' id='word_1_359' title='bbox 1185 3166 1257 3237; x_wconf 78' lang='lat' dir='ltr'><strong>(tac.</strong></span> <span class='ocrx_word' id='word_1_360' title='bbox 1273 3181 1354 3231; x_wconf 81' lang='lat' dir='ltr'><strong>sxta,</strong></span> <span class='ocrx_word' id='word_1_361' title='bbox 1370 3166 1428 3236; x_wconf 79' lang='lat' dir='ltr'><strong>il).</strong></span> <span class='ocrx_word' id='word_1_362' title='bbox 1440 3165 1547 3235; x_wconf 88' lang='lat' dir='ltr'><strong>llepetit</strong></span> <span class='ocrx_word' id='word_1_363' title='bbox 1561 3164 1724 3235; x_wconf 79' lang='lat' dir='ltr'><strong>frequentius</strong></span> <span class='ocrx_word' id='word_1_364' title='bbox 1744 3166 1869 3222; x_wconf 82' lang='lat' dir='ltr'><strong>Davidem</strong></span> <span class='ocrx_word' id='word_1_365' title='bbox 1890 3167 1987 3222; x_wconf 88' lang='lat' dir='ltr'><strong>Christi</strong></span> <span class='ocrx_word' id='word_1_366' title='bbox 2012 3170 2140 3238; x_wconf 85' lang='lat' dir='ltr'><strong>exipsius</strong></span> 
     </span>
    </p>
   </div>
   <div class='ocr_carea' id='block_1_4' title="bbox 515 3255 2142 4442">
    <p class='ocr_par' dir='ltr' id='par_1_6' title="bbox 515 3255 2141 4161">
     <span class='ocr_line' id='line_1_28' title="bbox 515 3255 2137 3333; baseline -0.005 -12"><span class='ocrx_word' id='word_1_367' title='bbox 515 3267 618 3321; x_wconf 89' lang='lat' dir='ltr'><strong>semine</strong></span> <span class='ocrx_word' id='word_1_368' title='bbox 632 3264 756 3319; x_wconf 91' lang='lat' dir='ltr'><strong>nascituri</strong></span> <span class='ocrx_word' id='word_1_369' title='bbox 771 3264 879 3333; x_wconf 82' lang='lat' dir='ltr'><strong>liguram</strong></span> <span class='ocrx_word' id='word_1_370' title='bbox 889 3276 1001 3333; x_wconf 88' lang='lat' dir='ltr'><strong>gerere,</strong></span> <span class='ocrx_word' id='word_1_371' title='bbox 1016 3259 1099 3330; x_wconf 91' lang='lat' dir='ltr'><strong>ipsius</strong></span> <span class='ocrx_word' id='word_1_372' title='bbox 1112 3274 1208 3313; x_wconf 92' lang='lat' dir='ltr'><strong>nomen</strong></span> <span class='ocrx_word' id='word_1_373' title='bbox 1229 3257 1419 3329; x_wconf 82' lang='lat' dir='ltr'><strong>signilietrtione</strong></span> <span class='ocrx_word' id='word_1_374' title='bbox 1433 3272 1479 3312; x_wconf 88' lang='lat' dir='ltr'><strong>sua</strong></span> <span class='ocrx_word' id='word_1_375' title='bbox 1492 3255 1626 3311; x_wconf 88' lang='lat' dir='ltr'><strong>Christum</strong></span> <span class='ocrx_word' id='word_1_376' title='bbox 1647 3255 1794 3325; x_wconf 88' lang='lat' dir='ltr'><strong>designare,</strong></span> <span class='ocrx_word' id='word_1_377' title='bbox 1809 3256 1922 3326; x_wconf 90' lang='lat' dir='ltr'><strong>subque</strong></span> <span class='ocrx_word' id='word_1_378' title='bbox 1936 3258 2015 3311; x_wconf 90' lang='lat' dir='ltr'><strong>etiam</strong></span> <span class='ocrx_word' id='word_1_379' title='bbox 2030 3261 2137 3313; x_wconf 88' lang='lat' dir='ltr'><strong>nomine</strong></span> 
     </span>
     <span class='ocr_line' id='line_1_29' title="bbox 517 3347 2138 3423; baseline -0.002 -13"><span class='ocrx_word' id='word_1_380' title='bbox 517 3358 614 3410; x_wconf 85' lang='lat' dir='ltr'><strong>trunca</strong></span> <span class='ocrx_word' id='word_1_381' title='bbox 630 3355 719 3408; x_wconf 89' lang='lat' dir='ltr'><strong>multis</strong></span> <span class='ocrx_word' id='word_1_382' title='bbox 733 3353 927 3423; x_wconf 87' lang='lat' dir='ltr'><strong>Prophetarum</strong></span> <span class='ocrx_word' id='word_1_383' title='bbox 942 3352 1125 3406; x_wconf 89' lang='lat' dir='ltr'><strong>annuntiatum</strong></span> <span class='ocrx_word' id='word_1_384' title='bbox 1139 3358 1260 3413; x_wconf 66' lang='lat' dir='ltr'><strong>constan</strong></span> <span class='ocrx_word' id='word_1_385' title='bbox 1275 3364 1327 3404; x_wconf 91' lang='lat' dir='ltr'><strong>uon</strong></span> <span class='ocrx_word' id='word_1_386' title='bbox 1343 3351 1431 3419; x_wconf 84' lang='lat' dir='ltr'><strong>&#39;pauca</strong></span> <span class='ocrx_word' id='word_1_387' title='bbox 1446 3362 1505 3404; x_wconf 88' lang='lat' dir='ltr'><strong>csse</strong></span> <span class='ocrx_word' id='word_1_388' title='bbox 1518 3362 1579 3418; x_wconf 84' lang='lat' dir='ltr'><strong>quae</strong></span> <span class='ocrx_word' id='word_1_389' title='bbox 1594 3347 1684 3401; x_wconf 79' lang='lat' dir='ltr'><strong>liuhidi</strong></span> <span class='ocrx_word' id='word_1_390' title='bbox 1700 3348 1784 3417; x_wconf 91' lang='lat' dir='ltr'><strong>aptari</strong></span> <span class='ocrx_word' id='word_1_391' title='bbox 1804 3359 1936 3419; x_wconf 86' lang='lat' dir='ltr'><strong>nequeam</strong></span> <span class='ocrx_word' id='word_1_392' title='bbox 1950 3367 1956 3405; x_wconf 95' lang='lat'><strong>:</strong></span> <span class='ocrx_word' id='word_1_393' title='bbox 1968 3350 2038 3420; x_wconf 92' lang='lat' dir='ltr'><strong>quad</strong></span> <span class='ocrx_word' id='word_1_394' title='bbox 2051 3351 2138 3420; x_wconf 89' lang='lat' dir='ltr'><strong>ipsum</strong></span> 
     </span>
     <span class='ocr_line' id='line_1_30' title="bbox 515 3439 2138 3518; baseline -0.001 -18"><span class='ocrx_word' id='word_1_395' title='bbox 515 3445 570 3518; x_wconf 77' lang='lat' dir='ltr'><strong>iam</strong></span> <span class='ocrx_word' id='word_1_396' title='bbox 580 3453 642 3501; x_wconf 87' lang='lat' dir='ltr'><strong>ante</strong></span> <span class='ocrx_word' id='word_1_397' title='bbox 654 3445 758 3515; x_wconf 90' lang='lat' dir='ltr'><strong>plurimi</strong></span> <span class='ocrx_word' id='word_1_398' title='bbox 781 3446 925 3516; x_wconf 87' lang='lat' dir='ltr'><strong>scriptores</strong></span> <span class='ocrx_word' id='word_1_399' title='bbox 947 3442 1093 3499; x_wconf 90' lang='lat' dir='ltr'><strong>doctissimi</strong></span> <span class='ocrx_word' id='word_1_400' title='bbox 1114 3441 1372 3507; x_wconf 78' lang='lat' dir='ltr'><strong>animadverterant,</strong></span> <span class='ocrx_word' id='word_1_401' title='bbox 1385 3441 1498 3496; x_wconf 86' lang='lat' dir='ltr'><strong>maxime</strong></span> <span class='ocrx_word' id='word_1_402' title='bbox 1513 3441 1538 3496; x_wconf 92' lang='lat' dir='ltr'><strong>iu</strong></span> <span class='ocrx_word' id='word_1_403' title='bbox 1554 3439 1670 3511; x_wconf 89' lang='lat' dir='ltr'><strong>psalmas</strong></span> <span class='ocrx_word' id='word_1_404' title='bbox 1682 3440 1902 3512; x_wconf 88' lang='lat' dir='ltr'><strong>septuagesimam</strong></span> <span class='ocrx_word' id='word_1_405' title='bbox 1912 3451 1938 3499; x_wconf 92' lang='lat' dir='ltr'><strong>et</strong></span> <span class='ocrx_word' id='word_1_406' title='bbox 1948 3444 2138 3513; x_wconf 88' lang='lat' dir='ltr'><strong>octogesimum</strong></span> 
     </span>
     <span class='ocr_line' id='line_1_31' title="bbox 516 3530 2140 3608; baseline -0.001 -16"><span class='ocrx_word' id='word_1_407' title='bbox 516 3530 659 3601; x_wconf 72' lang='lat' dir='ltr'><strong>oeurum3</strong></span> <span class='ocrx_word' id='word_1_408' title='bbox 675 3548 753 3608; x_wconf 89' lang='lat' dir='ltr'><strong>atque</strong></span> <span class='ocrx_word' id='word_1_409' title='bbox 775 3537 842 3593; x_wconf 89' lang='lat' dir='ltr'><strong>adeo</strong></span> <span class='ocrx_word' id='word_1_410' title='bbox 861 3537 973 3608; x_wconf 87' lang='lat' dir='ltr'><strong>ipsemet</strong></span> <span class='ocrx_word' id='word_1_411' title='bbox 992 3537 1179 3606; x_wconf 78' lang='lat' dir='ltr'><strong>apostolorum</strong></span> <span class='ocrx_word' id='word_1_412' title='bbox 1203 3533 1330 3605; x_wconf 86' lang='lat' dir='ltr'><strong>Princeps</strong></span> <span class='ocrx_word' id='word_1_413' title='bbox 1353 3535 1379 3588; x_wconf 90' lang='lat' dir='ltr'><strong>ia</strong></span> <span class='ocrx_word' id='word_1_414' title='bbox 1402 3534 1513 3588; x_wconf 76' lang='lat' dir='ltr'><strong>actuum</strong></span> <span class='ocrx_word' id='word_1_415' title='bbox 1534 3548 1559 3588; x_wconf 92' lang='lat' dir='ltr'><strong>c.</strong></span> <span class='ocrx_word' id='word_1_416' title='bbox 1574 3535 1607 3597; x_wconf 74' lang='grc' dir='ltr'><strong>Ξ,</strong></span> <span class='ocrx_word' id='word_1_417' title='bbox 1630 3533 1731 3603; x_wconf 63' lang='grc' dir='ltr'><strong>ΜΕ,</strong></span> <span class='ocrx_word' id='word_1_418' title='bbox 1747 3535 1790 3589; x_wconf 92' lang='lat' dir='ltr'><strong>ubl</strong></span> <span class='ocrx_word' id='word_1_419' title='bbox 1815 3533 1900 3589; x_wconf 93' lang='lat' dir='ltr'><strong>locum</strong></span> <span class='ocrx_word' id='word_1_420' title='bbox 1917 3551 1997 3590; x_wconf 92' lang='lat' dir='ltr'><strong>unum</strong></span> <span class='ocrx_word' id='word_1_421' title='bbox 2010 3550 2025 3590; x_wconf 89' lang='lat' dir='ltr'><strong>e</strong></span> <span class='ocrx_word' id='word_1_422' title='bbox 2038 3537 2140 3605; x_wconf 85' lang='lat' dir='ltr'><strong>psalmo</strong></span> 
     </span>
     <span class='ocr_line' id='line_1_32' title="bbox 517 3625 2140 3700; baseline -0.001 -15"><span class='ocrx_word' id='word_1_423' title='bbox 517 3629 726 3700; x_wconf 86' lang='lat' dir='ltr'><strong>quintodecimo</strong></span> <span class='ocrx_word' id='word_1_424' title='bbox 740 3628 830 3685; x_wconf 90' lang='lat' dir='ltr'><strong>reiert.</strong></span> <span class='ocrx_word' id='word_1_425' title='bbox 844 3630 973 3686; x_wconf 76' lang='lat' dir='ltr'><strong>observat</strong></span> <span class='ocrx_word' id='word_1_426' title='bbox 988 3628 1093 3684; x_wconf 87' lang='lat' dir='ltr'><strong>tandem</strong></span> <span class='ocrx_word' id='word_1_427' title='bbox 1104 3627 1237 3683; x_wconf 81' lang='lat' dir='ltr'><strong>Christum</strong></span> <span class='ocrx_word' id='word_1_428' title='bbox 1252 3640 1268 3681; x_wconf 89' lang='lat' dir='ltr'><strong>e</strong></span> <span class='ocrx_word' id='word_1_429' title='bbox 1289 3641 1368 3682; x_wconf 87' lang='lat' dir='ltr'><strong>cruce</strong></span> <span class='ocrx_word' id='word_1_430' title='bbox 1381 3625 1541 3698; x_wconf 90' lang='lat' dir='ltr'><strong>pendentem</strong></span> <span class='ocrx_word' id='word_1_431' title='bbox 1562 3625 1627 3695; x_wconf 88' lang='lat' dir='ltr'><strong>ipsis</strong></span> <span class='ocrx_word' id='word_1_432' title='bbox 1647 3625 1810 3680; x_wconf 89' lang='lat' dir='ltr'><strong>Psalmorum</strong></span> <span class='ocrx_word' id='word_1_433' title='bbox 1831 3627 1940 3683; x_wconf 84' lang='lat' dir='ltr'><strong>vocibus</strong></span> <span class='ocrx_word' id='word_1_434' title='bbox 1955 3642 2048 3691; x_wconf 90' lang='lat' dir='ltr'><strong>usum,</strong></span> <span class='ocrx_word' id='word_1_435' title='bbox 2064 3630 2140 3699; x_wconf 92' lang='lat' dir='ltr'><strong>quasi</strong></span> 
     </span>
     <span class='ocr_line' id='line_1_33' title="bbox 517 3718 2137 3791; baseline 0 -14"><span class='ocrx_word' id='word_1_436' title='bbox 517 3722 581 3777; x_wconf 92' lang='lat' dir='ltr'><strong>illud</strong></span> <span class='ocrx_word' id='word_1_437' title='bbox 592 3737 641 3777; x_wconf 90' lang='lat' dir='ltr'><strong>nos</strong></span> <span class='ocrx_word' id='word_1_438' title='bbox 654 3722 748 3777; x_wconf 89' lang='lat' dir='ltr'><strong>docere</strong></span> <span class='ocrx_word' id='word_1_439' title='bbox 762 3721 905 3787; x_wconf 82' lang='lat' dir='ltr'><strong>noluisset,</strong></span> <span class='ocrx_word' id='word_1_440' title='bbox 918 3722 1025 3777; x_wconf 89' lang='lat' dir='ltr'><strong>cosdem</strong></span> <span class='ocrx_word' id='word_1_441' title='bbox 1038 3735 1115 3776; x_wconf 89' lang='lat' dir='ltr'><strong>causa</strong></span> <span class='ocrx_word' id='word_1_442' title='bbox 1129 3735 1176 3775; x_wconf 91' lang='lat' dir='ltr'><strong>sua</strong></span> <span class='ocrx_word' id='word_1_443' title='bbox 1188 3718 1270 3774; x_wconf 89' lang='lat' dir='ltr'><strong>luisse</strong></span> <span class='ocrx_word' id='word_1_444' title='bbox 1283 3719 1404 3790; x_wconf 89' lang='lat' dir='ltr'><strong>scriptos.</strong></span> <span class='ocrx_word' id='word_1_445' title='bbox 1422 3719 1519 3774; x_wconf 80' lang='lat' dir='ltr'><strong>Verum</strong></span> <span class='ocrx_word' id='word_1_446' title='bbox 1531 3733 1593 3774; x_wconf 93' lang='lat' dir='ltr'><strong>cum</strong></span> <span class='ocrx_word' id='word_1_447' title='bbox 1603 3733 1655 3773; x_wconf 95' lang='lat' dir='ltr'><strong>non</strong></span> <span class='ocrx_word' id='word_1_448' title='bbox 1666 3732 1758 3788; x_wconf 87' lang='lat' dir='ltr'><strong>pauca,</strong></span> <span class='ocrx_word' id='word_1_449' title='bbox 1773 3735 1832 3790; x_wconf 72' lang='lat' dir='ltr'><strong>quse</strong></span> <span class='ocrx_word' id='word_1_450' title='bbox 1854 3721 1888 3775; x_wconf 89' lang='lat' dir='ltr'><strong>ab</strong></span> <span class='ocrx_word' id='word_1_451' title='bbox 1901 3722 1983 3791; x_wconf 90' lang='lat' dir='ltr'><strong>ipsius</strong></span> <span class='ocrx_word' id='word_1_452' title='bbox 1996 3725 2137 3778; x_wconf 88' lang='lat' dir='ltr'><strong>sanctitate</strong></span> 
     </span>
     <span class='ocr_line' id='line_1_34' title="bbox 517 3809 2139 3883; baseline 0 -15"><span class='ocrx_word' id='word_1_453' title='bbox 517 3815 689 3877; x_wconf 84' lang='lat' dir='ltr'><strong>abhorreant,</strong></span> <span class='ocrx_word' id='word_1_454' title='bbox 706 3814 740 3869; x_wconf 91' lang='lat' dir='ltr'><strong>ibi</strong></span> <span class='ocrx_word' id='word_1_455' title='bbox 754 3813 884 3883; x_wconf 85' lang='lat' dir='ltr'><strong>legantur,</strong></span> <span class='ocrx_word' id='word_1_456' title='bbox 899 3820 989 3866; x_wconf 84' lang='lat' dir='ltr'><strong>mouet</strong></span> <span class='ocrx_word' id='word_1_457' title='bbox 1000 3811 1113 3867; x_wconf 86' lang='lat' dir='ltr'><strong>subinde</strong></span> <span class='ocrx_word' id='word_1_458' title='bbox 1127 3811 1220 3865; x_wconf 85' lang='lat' dir='ltr'><strong>beattts</strong></span> <span class='ocrx_word' id='word_1_459' title='bbox 1235 3810 1332 3865; x_wconf 86' lang='lat' dir='ltr'><strong>lloctor</strong></span> <span class='ocrx_word' id='word_1_460' title='bbox 1343 3825 1376 3865; x_wconf 91' lang='lat' dir='ltr'><strong>ae</strong></span> <span class='ocrx_word' id='word_1_461' title='bbox 1390 3809 1522 3865; x_wconf 83' lang='lat' dir='ltr'><strong>Christum</strong></span> <span class='ocrx_word' id='word_1_462' title='bbox 1538 3817 1663 3879; x_wconf 84' lang='lat' dir='ltr'><strong>tanquam</strong></span> <span class='ocrx_word' id='word_1_463' title='bbox 1677 3817 1828 3880; x_wconf 88' lang='lat' dir='ltr'><strong>separatum</strong></span> <span class='ocrx_word' id='word_1_464' title='bbox 1839 3827 1854 3865; x_wconf 91' lang='lat' dir='ltr'><strong>a</strong></span> <span class='ocrx_word' id='word_1_465' title='bbox 1865 3812 1991 3868; x_wconf 92' lang='lat' dir='ltr'><strong>membris</strong></span> <span class='ocrx_word' id='word_1_466' title='bbox 2004 3814 2076 3881; x_wconf 89' lang='lat' dir='ltr'><strong>suis,</strong></span> <span class='ocrx_word' id='word_1_467' title='bbox 2087 3813 2139 3869; x_wconf 93' lang='lat' dir='ltr'><strong>boc</strong></span> 
     </span>
     <span class='ocr_line' id='line_1_35' title="bbox 520 3899 2140 3973; baseline -0.001 -14"><span class='ocrx_word' id='word_1_468' title='bbox 520 3915 560 3960; x_wconf 86' lang='lat' dir='ltr'><strong>cst</strong></span> <span class='ocrx_word' id='word_1_469' title='bbox 579 3903 752 3969; x_wconf 89' lang='lat' dir='ltr'><strong>Christianis,</strong></span> <span class='ocrx_word' id='word_1_470' title='bbox 768 3903 975 3966; x_wconf 87' lang='lat' dir='ltr'><strong>considerenrus;</strong></span> <span class='ocrx_word' id='word_1_471' title='bbox 986 3903 1032 3958; x_wconf 90' lang='lat' dir='ltr'><strong>sed</strong></span> <span class='ocrx_word' id='word_1_472' title='bbox 1047 3911 1171 3972; x_wconf 70' lang='lat' dir='ltr'><strong>unquam</strong></span> <span class='ocrx_word' id='word_1_473' title='bbox 1186 3900 1310 3956; x_wconf 85' lang='lat' dir='ltr'><strong>universo</strong></span> <span class='ocrx_word' id='word_1_474' title='bbox 1321 3899 1446 3957; x_wconf 78' lang='lat' dir='ltr'><strong>Ecclesiae</strong></span> <span class='ocrx_word' id='word_1_475' title='bbox 1461 3900 1584 3969; x_wconf 91' lang='lat' dir='ltr'><strong>corpori,</strong></span> <span class='ocrx_word' id='word_1_476' title='bbox 1599 3899 1673 3970; x_wconf 82' lang='lat' dir='ltr'><strong>cujus</strong></span> <span class='ocrx_word' id='word_1_477' title='bbox 1698 3911 1776 3969; x_wconf 90' lang='lat' dir='ltr'><strong>caput</strong></span> <span class='ocrx_word' id='word_1_478' title='bbox 1796 3910 1855 3966; x_wconf 92' lang='lat' dir='ltr'><strong>est,</strong></span> <span class='ocrx_word' id='word_1_479' title='bbox 1879 3903 1985 3958; x_wconf 73' lang='lat' dir='ltr'><strong>vinculo</strong></span> <span class='ocrx_word' id='word_1_480' title='bbox 2006 3920 2140 3973; x_wconf 91' lang='lat' dir='ltr'><strong>nunquam</strong></span> 
     </span>
     <span class='ocr_line' id='line_1_36' title="bbox 519 3994 2141 4070; baseline 0.002 -18"><span class='ocrx_word' id='word_1_481' title='bbox 519 3996 691 4053; x_wconf 87' lang='lat' dir='ltr'><strong>dissolvendo</strong></span> <span class='ocrx_word' id='word_1_482' title='bbox 704 3997 874 4065; x_wconf 80' lang='lat' dir='ltr'><strong>conjunctam</strong></span> <span class='ocrx_word' id='word_1_483' title='bbox 889 4015 895 4051; x_wconf 96' lang='lat'><strong>:</strong></span> <span class='ocrx_word' id='word_1_484' title='bbox 909 3996 981 4052; x_wconf 89' lang='lat' dir='ltr'><strong>unde</strong></span> <span class='ocrx_word' id='word_1_485' title='bbox 991 3995 1037 4062; x_wconf 87' lang='lat' dir='ltr'><strong>dt,</strong></span> <span class='ocrx_word' id='word_1_486' title='bbox 1050 4005 1079 4050; x_wconf 94' lang='lat' dir='ltr'><strong>ut</strong></span> <span class='ocrx_word' id='word_1_487' title='bbox 1093 3995 1259 4051; x_wconf 85' lang='lat' dir='ltr'><strong>inllrmitates</strong></span> <span class='ocrx_word' id='word_1_488' title='bbox 1274 4001 1389 4055; x_wconf 86' lang='lat' dir='ltr'><strong>nostras,</strong></span> <span class='ocrx_word' id='word_1_489' title='bbox 1404 3994 1561 4066; x_wconf 85' lang='lat' dir='ltr'><strong>malamque</strong></span> <span class='ocrx_word' id='word_1_490' title='bbox 1575 4003 1683 4064; x_wconf 88' lang='lat' dir='ltr'><strong>peccata</strong></span> <span class='ocrx_word' id='word_1_491' title='bbox 1693 3995 1744 4050; x_wconf 89' lang='lat' dir='ltr'><strong>sihi</strong></span> <span class='ocrx_word' id='word_1_492' title='bbox 1756 3995 1904 4066; x_wconf 85' lang='lat' dir='ltr'><strong>adscribat;</strong></span> <span class='ocrx_word' id='word_1_493' title='bbox 1918 4000 2141 4070; x_wconf 88' lang='lat' dir='ltr'><strong>quemadmodum</strong></span> 
     </span>
     <span class='ocr_line' id='line_1_37' title="bbox 520 4085 1673 4161; baseline -0.002 -16"><span class='ocrx_word' id='word_1_494' title='bbox 520 4090 546 4145; x_wconf 91' lang='lat' dir='ltr'><strong>iu</strong></span> <span class='ocrx_word' id='word_1_495' title='bbox 561 4090 663 4161; x_wconf 89' lang='lat' dir='ltr'><strong>psaltno</strong></span> <span class='ocrx_word' id='word_1_496' title='bbox 677 4089 806 4159; x_wconf 88' lang='lat' dir='ltr'><strong>vigesimo</strong></span> <span class='ocrx_word' id='word_1_497' title='bbox 819 4088 919 4158; x_wconf 81' lang='lat' dir='ltr'><strong>primo,</strong></span> <span class='ocrx_word' id='word_1_498' title='bbox 935 4087 1009 4156; x_wconf 88' lang='lat' dir='ltr'><strong>cujus</strong></span> <span class='ocrx_word' id='word_1_499' title='bbox 1024 4088 1110 4142; x_wconf 83' lang='lat' dir='ltr'><strong>verbis</strong></span> <span class='ocrx_word' id='word_1_500' title='bbox 1121 4087 1148 4140; x_wconf 92' lang='lat' dir='ltr'><strong>in</strong></span> <span class='ocrx_word' id='word_1_501' title='bbox 1162 4086 1284 4156; x_wconf 89' lang='lat' dir='ltr'><strong>passione</strong></span> <span class='ocrx_word' id='word_1_502' title='bbox 1299 4099 1346 4141; x_wconf 82' lang='lat' dir='ltr'><strong>sua</strong></span> <span class='ocrx_word' id='word_1_503' title='bbox 1360 4085 1487 4155; x_wconf 88' lang='lat' dir='ltr'><strong>loquitur,</strong></span> <span class='ocrx_word' id='word_1_504' title='bbox 1501 4087 1673 4143; x_wconf 80' lang='lat' dir='ltr'><strong>advertimus.</strong></span> 
     </span>
    </p>

    <p class='ocr_par' dir='ltr' id='par_1_7' title="bbox 520 4180 2142 4442">
     <span class='ocr_line' id='line_1_38' title="bbox 563 4180 2141 4255; baseline 0 -17"><span class='ocrx_word' id='word_1_505' title='bbox 563 4187 624 4240; x_wconf 79' lang='lat' dir='ltr'><strong>vias</strong></span> <span class='ocrx_word' id='word_1_506' title='bbox 639 4186 785 4255; x_wconf 76' lang='lat' dir='ltr'><strong>haugustino</strong></span> <span class='ocrx_word' id='word_1_507' title='bbox 800 4185 866 4239; x_wconf 88' lang='lat' dir='ltr'><strong>mire</strong></span> <span class='ocrx_word' id='word_1_508' title='bbox 879 4185 1044 4255; x_wconf 89' lang='lat' dir='ltr'><strong>ingeniosas,</strong></span> <span class='ocrx_word' id='word_1_509' title='bbox 1058 4183 1153 4254; x_wconf 90' lang='lat' dir='ltr'><strong>quihus</strong></span> <span class='ocrx_word' id='word_1_510' title='bbox 1164 4184 1298 4238; x_wconf 86' lang='lat' dir='ltr'><strong>Christum</strong></span> <span class='ocrx_word' id='word_1_511' title='bbox 1314 4180 1370 4238; x_wconf 72' lang='lat' dir='ltr'><strong>sub·</strong></span> <span class='ocrx_word' id='word_1_512' title='bbox 1380 4182 1460 4236; x_wconf 76' lang='lat' dir='ltr'><strong>uariis</strong></span> <span class='ocrx_word' id='word_1_513' title='bbox 1472 4183 1617 4238; x_wconf 89' lang='lat' dir='ltr'><strong>rationibus</strong></span> <span class='ocrx_word' id='word_1_514' title='bbox 1630 4184 1657 4238; x_wconf 91' lang='lat' dir='ltr'><strong>in</strong></span> <span class='ocrx_word' id='word_1_515' title='bbox 1669 4183 1781 4238; x_wconf 91' lang='lat' dir='ltr'><strong>Psalmis</strong></span> <span class='ocrx_word' id='word_1_516' title='bbox 1794 4183 1976 4239; x_wconf 88' lang='lat' dir='ltr'><strong>adumbratum</strong></span> <span class='ocrx_word' id='word_1_517' title='bbox 1990 4183 2141 4255; x_wconf 87' lang='lat' dir='ltr'><strong>deprehen·</strong></span> 
     </span>
     <span class='ocr_line' id='line_1_39' title="bbox 520 4275 2142 4348; baseline 0.001 -19"><span class='ocrx_word' id='word_1_518' title='bbox 520 4276 595 4332; x_wconf 86' lang='lat' dir='ltr'><strong>deret</strong></span> <span class='ocrx_word' id='word_1_519' title='bbox 607 4278 804 4347; x_wconf 90' lang='lat' dir='ltr'><strong>detegcrctque,</strong></span> <span class='ocrx_word' id='word_1_520' title='bbox 817 4277 937 4346; x_wconf 82' lang='lat' dir='ltr'><strong>ejusdem</strong></span> <span class='ocrx_word' id='word_1_521' title='bbox 950 4276 1047 4332; x_wconf 85' lang='lat' dir='ltr'><strong>Christi</strong></span> <span class='ocrx_word' id='word_1_522' title='bbox 1060 4275 1176 4331; x_wconf 89' lang='lat' dir='ltr'><strong>ebaritas</strong></span> <span class='ocrx_word' id='word_1_523' title='bbox 1190 4276 1356 4347; x_wconf 72' lang='lat' dir='ltr'><strong>suggerebat.</strong></span> <span class='ocrx_word' id='word_1_524' title='bbox 1370 4275 1427 4331; x_wconf 90' lang='lat' dir='ltr'><strong>Non</strong></span> <span class='ocrx_word' id='word_1_525' title='bbox 1444 4287 1530 4332; x_wconf 71' lang='lat' dir='ltr'><strong>emen</strong></span> <span class='ocrx_word' id='word_1_526' title='bbox 1543 4277 1666 4333; x_wconf 79' lang='lat' dir='ltr'><strong>iverimus</strong></span> <span class='ocrx_word' id='word_1_527' title='bbox 1680 4277 1791 4344; x_wconf 85' lang='lat' dir='ltr'><strong>inllcias,</strong></span> <span class='ocrx_word' id='word_1_528' title='bbox 1805 4279 1866 4348; x_wconf 89' lang='lat' dir='ltr'><strong>quin</strong></span> <span class='ocrx_word' id='word_1_529' title='bbox 1881 4277 2000 4345; x_wconf 78' lang='lat' dir='ltr'><strong>Veteres,</strong></span> <span class='ocrx_word' id='word_1_530' title='bbox 2016 4295 2030 4332; x_wconf 91' lang='lat' dir='ltr'><strong>a</strong></span> <span class='ocrx_word' id='word_1_531' title='bbox 2045 4278 2142 4348; x_wconf 83' lang='lat' dir='ltr'><strong>quibus</strong></span> 
     </span>
     <span class='ocr_line' id='line_1_40' title="bbox 520 4368 2139 4442; baseline 0 -18"><span class='ocrx_word' id='word_1_532' title='bbox 520 4384 660 4425; x_wconf 82' lang='lat' dir='ltr'><strong>excussum</strong></span> <span class='ocrx_word' id='word_1_533' title='bbox 672 4373 727 4440; x_wconf 81' lang='lat' dir='ltr'><strong>jam</strong></span> <span class='ocrx_word' id='word_1_534' title='bbox 742 4371 827 4426; x_wconf 88' lang='lat' dir='ltr'><strong>luerat</strong></span> <span class='ocrx_word' id='word_1_535' title='bbox 840 4371 909 4427; x_wconf 91' lang='lat' dir='ltr'><strong>idem</strong></span> <span class='ocrx_word' id='word_1_536' title='bbox 922 4379 1114 4442; x_wconf 82' lang='lat' dir='ltr'><strong>argumentum,</strong></span> <span class='ocrx_word' id='word_1_537' title='bbox 1129 4369 1256 4439; x_wconf 90' lang='lat' dir='ltr'><strong>plurimos</strong></span> <span class='ocrx_word' id='word_1_538' title='bbox 1268 4385 1300 4425; x_wconf 90' lang='lat' dir='ltr'><strong>ac</strong></span> <span class='ocrx_word' id='word_1_539' title='bbox 1311 4368 1453 4440; x_wconf 77' lang='lat' dir='ltr'><strong>praeclaros</strong></span> <span class='ocrx_word' id='word_1_540' title='bbox 1464 4370 1567 4434; x_wconf 85' lang='lat' dir='ltr'><strong>seusus,</strong></span> <span class='ocrx_word' id='word_1_541' title='bbox 1581 4370 1626 4440; x_wconf 92' lang='lat' dir='ltr'><strong>qui</strong></span> <span class='ocrx_word' id='word_1_542' title='bbox 1640 4368 1690 4425; x_wconf 87' lang='lat' dir='ltr'><strong>sub</strong></span> <span class='ocrx_word' id='word_1_543' title='bbox 1703 4369 1843 4441; x_wconf 80' lang='lat' dir='ltr'><strong>figurarum</strong></span> <span class='ocrx_word' id='word_1_544' title='bbox 1858 4371 2000 4429; x_wconf 80' lang='lat' dir='ltr'><strong>involucris</strong></span> <span class='ocrx_word' id='word_1_545' title='bbox 2014 4371 2139 4433; x_wconf 83' lang='lat' dir='ltr'><strong>latebant,</strong></span> 
     </span>
    </p>
   </div>
   <div class='ocr_carea' id='block_1_5' title="bbox 421 4451 2139 4534">
    <p class='ocr_par' dir='ltr' id='par_1_8' title="bbox 421 4451 2139 4534">
     <span class='ocr_line' id='line_1_41' title="bbox 421 4451 2139 4534; baseline -0.001 -16"><span class='ocrx_word' id='word_1_546' title='bbox 421 4451 424 4459; x_wconf 76' lang='grc'><strong><em>’</em></strong></span> <span class='ocrx_word' id='word_1_547' title='bbox 505 4463 547 4518; x_wconf 81' lang='lat' dir='ltr'><strong>in</strong></span> <span class='ocrx_word' id='word_1_548' title='bbox 563 4464 648 4518; x_wconf 90' lang='lat' dir='ltr'><strong>lucem</strong></span> <span class='ocrx_word' id='word_1_549' title='bbox 663 4465 828 4518; x_wconf 83' lang='lat' dir='ltr'><strong>extulissent.</strong></span> <span class='ocrx_word' id='word_1_550' title='bbox 851 4466 886 4519; x_wconf 84' lang='lat' dir='ltr'><strong>at</strong></span> <span class='ocrx_word' id='word_1_551' title='bbox 903 4465 925 4518; x_wconf 89' lang='lat' dir='ltr'><strong>si</strong></span> <span class='ocrx_word' id='word_1_552' title='bbox 949 4464 1027 4534; x_wconf 82' lang='lat' dir='ltr'><strong>lirrjus</strong></span> <span class='ocrx_word' id='word_1_553' title='bbox 1049 4463 1207 4531; x_wconf 93' lang='lat' dir='ltr'><strong>illorumque</strong></span> <span class='ocrx_word' id='word_1_554' title='bbox 1226 4462 1466 4518; x_wconf 88' lang='lat' dir='ltr'><strong>commentationes</strong></span> <span class='ocrx_word' id='word_1_555' title='bbox 1487 4463 1556 4518; x_wconf 93' lang='lat' dir='ltr'><strong>intcr</strong></span> <span class='ocrx_word' id='word_1_556' title='bbox 1576 4478 1605 4519; x_wconf 89' lang='lat' dir='ltr'><strong>se</strong></span> <span class='ocrx_word' id='word_1_557' title='bbox 1627 4464 1814 4528; x_wconf 85' lang='lat' dir='ltr'><strong>cotrierantur,</strong></span> <span class='ocrx_word' id='word_1_558' title='bbox 1830 4472 1883 4517; x_wconf 92' lang='lat' dir='ltr'><strong>tam</strong></span> <span class='ocrx_word' id='word_1_559' title='bbox 1904 4463 2064 4532; x_wconf 85' lang='lat' dir='ltr'><strong>intelligetur</strong></span> <span class='ocrx_word' id='word_1_560' title='bbox 2079 4479 2139 4518; x_wconf 86' lang='lat' dir='ltr'><strong>euru</strong></span> 
     </span>
    </p>
   </div>
   <div class='ocr_carea' id='block_1_6' title="bbox 494 4556 2142 5468">
    <p class='ocr_par' dir='ltr' id='par_1_9' title="bbox 494 4556 2142 5468">
     <span class='ocr_line' id='line_1_42' title="bbox 521 4556 2141 4629; baseline -0.001 -15"><span class='ocrx_word' id='word_1_561' title='bbox 521 4561 668 4629; x_wconf 72' lang='lat' dir='ltr'><strong>sepissime</strong></span> <span class='ocrx_word' id='word_1_562' title='bbox 689 4560 731 4615; x_wconf 87' lang='lat' dir='ltr'><strong>rel</strong></span> <span class='ocrx_word' id='word_1_563' title='bbox 752 4560 878 4629; x_wconf 82' lang='lat' dir='ltr'><strong>majorem</strong></span> <span class='ocrx_word' id='word_1_564' title='bbox 901 4560 986 4615; x_wconf 89' lang='lat' dir='ltr'><strong>luccm</strong></span> <span class='ocrx_word' id='word_1_565' title='bbox 1005 4558 1099 4614; x_wconf 77' lang='lat' dir='ltr'><strong>afferre</strong></span> <span class='ocrx_word' id='word_1_566' title='bbox 1119 4557 1211 4612; x_wconf 91' lang='lat' dir='ltr'><strong>iisdem</strong></span> <span class='ocrx_word' id='word_1_567' title='bbox 1226 4557 1375 4628; x_wconf 83' lang='lat' dir='ltr'><strong>mysteriis,</strong></span> <span class='ocrx_word' id='word_1_568' title='bbox 1390 4556 1522 4612; x_wconf 81' lang='lat' dir='ltr'><strong>ueletiam</strong></span> <span class='ocrx_word' id='word_1_569' title='bbox 1537 4574 1619 4620; x_wconf 84' lang='lat' dir='ltr'><strong>nova,</strong></span> <span class='ocrx_word' id='word_1_570' title='bbox 1635 4574 1694 4627; x_wconf 84' lang='lat' dir='ltr'><strong>quae</strong></span> <span class='ocrx_word' id='word_1_571' title='bbox 1713 4559 1749 4611; x_wconf 94' lang='lat' dir='ltr'><strong>illi</strong></span> <span class='ocrx_word' id='word_1_572' title='bbox 1764 4573 1912 4628; x_wconf 92' lang='lat' dir='ltr'><strong>quanquam</strong></span> <span class='ocrx_word' id='word_1_573' title='bbox 1935 4574 1986 4611; x_wconf 95' lang='lat' dir='ltr'><strong>non</strong></span> <span class='ocrx_word' id='word_1_574' title='bbox 2009 4559 2141 4615; x_wconf 75' lang='lat' dir='ltr'><strong>diversam</strong></span> 
     </span>
     <span class='ocr_line' id='line_1_43' title="bbox 522 4647 2140 4722; baseline -0.001 -16"><span class='ocrx_word' id='word_1_575' title='bbox 522 4653 676 4708; x_wconf 89' lang='lat' dir='ltr'><strong>methodum</strong></span> <span class='ocrx_word' id='word_1_576' title='bbox 692 4653 772 4707; x_wconf 85' lang='lat' dir='ltr'><strong>sectati</strong></span> <span class='ocrx_word' id='word_1_577' title='bbox 789 4653 1028 4722; x_wconf 80' lang='lat' dir='ltr'><strong>praetermiserant,</strong></span> <span class='ocrx_word' id='word_1_578' title='bbox 1043 4649 1175 4706; x_wconf 77' lang='lat' dir='ltr'><strong>evaluere.</strong></span> <span class='ocrx_word' id='word_1_579' title='bbox 1193 4647 1284 4718; x_wconf 84' lang='lat' dir='ltr'><strong>Neque</strong></span> <span class='ocrx_word' id='word_1_580' title='bbox 1297 4664 1360 4704; x_wconf 88' lang='lat' dir='ltr'><strong>vero</strong></span> <span class='ocrx_word' id='word_1_581' title='bbox 1371 4648 1560 4720; x_wconf 89' lang='lat' dir='ltr'><strong>lliernnymam</strong></span> <span class='ocrx_word' id='word_1_582' title='bbox 1574 4651 1599 4704; x_wconf 93' lang='lat' dir='ltr'><strong>ia</strong></span> <span class='ocrx_word' id='word_1_583' title='bbox 1612 4650 1722 4720; x_wconf 91' lang='lat' dir='ltr'><strong>epistola</strong></span> <span class='ocrx_word' id='word_1_584' title='bbox 1734 4665 1780 4705; x_wconf 90' lang='lat' dir='ltr'><strong>sua</strong></span> <span class='ocrx_word' id='word_1_585' title='bbox 1793 4650 1846 4714; x_wconf 75' lang='lat'><strong>92,</strong></span> <span class='ocrx_word' id='word_1_586' title='bbox 1861 4666 1919 4719; x_wconf 87' lang='lat' dir='ltr'><strong>quae</strong></span> <span class='ocrx_word' id='word_1_587' title='bbox 1935 4650 2004 4705; x_wconf 91' lang='lat' dir='ltr'><strong>iuter</strong></span> <span class='ocrx_word' id='word_1_588' title='bbox 2016 4653 2140 4718; x_wconf 80' lang='lat' dir='ltr'><strong>burgasti·</strong></span> 
     </span>
     <span class='ocr_line' id='line_1_44' title="bbox 522 4742 2139 4813; baseline -0.004 -11"><span class='ocrx_word' id='word_1_589' title='bbox 522 4749 615 4803; x_wconf 83' lang='lat' dir='ltr'><strong>arianas</strong></span> <span class='ocrx_word' id='word_1_590' title='bbox 626 4747 661 4801; x_wconf 67' lang='lat' dir='ltr'><strong>&#39;li</strong></span> <span class='ocrx_word' id='word_1_591' title='bbox 678 4757 847 4809; x_wconf 85' lang='lat' dir='ltr'><strong>numeratur,</strong></span> <span class='ocrx_word' id='word_1_592' title='bbox 862 4746 934 4802; x_wconf 89' lang='lat' dir='ltr'><strong>aliud</strong></span> <span class='ocrx_word' id='word_1_593' title='bbox 950 4746 1000 4801; x_wconf 88' lang='lat' dir='ltr'><strong>sibi</strong></span> <span class='ocrx_word' id='word_1_594' title='bbox 1018 4745 1133 4800; x_wconf 85' lang='lat' dir='ltr'><strong>noluisse</strong></span> <span class='ocrx_word' id='word_1_595' title='bbox 1146 4742 1353 4807; x_wconf 90' lang='lat' dir='ltr'><strong>crediderimus,</strong></span> <span class='ocrx_word' id='word_1_596' title='bbox 1369 4742 1413 4798; x_wconf 91' lang='lat' dir='ltr'><strong>uhi</strong></span> <span class='ocrx_word' id='word_1_597' title='bbox 1434 4753 1570 4813; x_wconf 86' lang='lat' dir='ltr'><strong>postquam</strong></span> <span class='ocrx_word' id='word_1_598' title='bbox 1591 4752 1702 4798; x_wconf 88' lang='lat' dir='ltr'><strong>testatus</strong></span> <span class='ocrx_word' id='word_1_599' title='bbox 1719 4753 1777 4807; x_wconf 88' lang='lat' dir='ltr'><strong>est,</strong></span> <span class='ocrx_word' id='word_1_600' title='bbox 1792 4743 1814 4798; x_wconf 91' lang='lat' dir='ltr'><strong>si</strong></span> <span class='ocrx_word' id='word_1_601' title='bbox 1829 4743 1923 4798; x_wconf 81' lang='lat' dir='ltr'><strong>dixerit</strong></span> <span class='ocrx_word' id='word_1_602' title='bbox 1938 4760 1990 4799; x_wconf 92' lang='lat' dir='ltr'><strong>nou</strong></span> <span class='ocrx_word' id='word_1_603' title='bbox 2005 4745 2139 4801; x_wconf 80' lang='lat' dir='ltr'><strong>delaturas</strong></span> 
     </span>
     <span class='ocr_line' id='line_1_45' title="bbox 494 4835 2140 4912; baseline -0.003 -17"><span class='ocrx_word' id='word_1_604' title='bbox 494 4873 496 4888; x_wconf 89' lang='lat'><strong>.</strong></span> <span class='ocrx_word' id='word_1_605' title='bbox 523 4841 588 4898; x_wconf 89' lang='lat' dir='ltr'><strong>larte</strong></span> <span class='ocrx_word' id='word_1_606' title='bbox 602 4843 646 4912; x_wconf 92' lang='lat' dir='ltr'><strong>qui</strong></span> <span class='ocrx_word' id='word_1_607' title='bbox 668 4841 741 4897; x_wconf 92' lang='lat' dir='ltr'><strong>libris</strong></span> <span class='ocrx_word' id='word_1_608' title='bbox 762 4839 820 4906; x_wconf 84' lang='lat' dir='ltr'><strong>ejus</strong></span> <span class='ocrx_word' id='word_1_609' title='bbox 841 4848 930 4894; x_wconf 88' lang='lat' dir='ltr'><strong>notam</strong></span> <span class='ocrx_word' id='word_1_610' title='bbox 953 4839 1054 4893; x_wconf 91' lang='lat' dir='ltr'><strong>illinaat</strong></span> <span class='ocrx_word' id='word_1_611' title='bbox 1076 4837 1241 4896; x_wconf 84' lang='lat' dir='ltr'><strong>censoriam.</strong></span> <span class='ocrx_word' id='word_1_612' title='bbox 1263 4851 1323 4890; x_wconf 89' lang='lat' dir='ltr'><strong>curn</strong></span> <span class='ocrx_word' id='word_1_613' title='bbox 1345 4835 1429 4905; x_wconf 90' lang='lat' dir='ltr'><strong>ipsum</strong></span> <span class='ocrx_word' id='word_1_614' title='bbox 1453 4850 1557 4906; x_wconf 89' lang='lat' dir='ltr'><strong>quoque</strong></span> <span class='ocrx_word' id='word_1_615' title='bbox 1582 4836 1750 4906; x_wconf 77' lang='lat' dir='ltr'><strong>Erarrgeiium</strong></span> <span class='ocrx_word' id='word_1_616' title='bbox 1773 4837 1853 4906; x_wconf 92' lang='lat' dir='ltr'><strong>impio</strong></span> <span class='ocrx_word' id='word_1_617' title='bbox 1875 4837 2035 4906; x_wconf 89' lang='lat' dir='ltr'><strong>perditorum</strong></span> <span class='ocrx_word' id='word_1_618' title='bbox 2061 4836 2140 4891; x_wconf 87' lang='lat' dir='ltr'><strong>dente</strong></span> 
     </span>
     <span class='ocr_line' id='line_1_46' title="bbox 525 4927 2140 5003; baseline -0.005 -13"><span class='ocrx_word' id='word_1_619' title='bbox 525 4936 683 4997; x_wconf 81' lang='lat' dir='ltr'><strong>mordeatur,</strong></span> <span class='ocrx_word' id='word_1_620' title='bbox 699 4933 762 4989; x_wconf 90' lang='lat' dir='ltr'><strong>illud</strong></span> <span class='ocrx_word' id='word_1_621' title='bbox 775 4950 824 4986; x_wconf 86' lang='lat' dir='ltr'><strong>aaa</strong></span> <span class='ocrx_word' id='word_1_622' title='bbox 837 4948 869 4988; x_wconf 91' lang='lat' dir='ltr'><strong>co</strong></span> <span class='ocrx_word' id='word_1_623' title='bbox 881 4947 911 4988; x_wconf 87' lang='lat' dir='ltr'><strong>se</strong></span> <span class='ocrx_word' id='word_1_624' title='bbox 920 4931 1028 4997; x_wconf 80' lang='lat' dir='ltr'><strong>dixisse,</strong></span> <span class='ocrx_word' id='word_1_625' title='bbox 1041 4931 1108 5001; x_wconf 85' lang='lat' dir='ltr'><strong>qaod</strong></span> <span class='ocrx_word' id='word_1_626' title='bbox 1120 4933 1146 4985; x_wconf 87' lang='lat' dir='ltr'><strong>ia</strong></span> <span class='ocrx_word' id='word_1_627' title='bbox 1156 4928 1271 5003; x_wconf 68' lang='lat' dir='ltr'><strong>operatae</strong></span> <span class='ocrx_word' id='word_1_628' title='bbox 1283 4929 1341 4992; x_wconf 86' lang='lat' dir='ltr'><strong>tuis,</strong></span> <span class='ocrx_word' id='word_1_629' title='bbox 1354 4927 1448 4998; x_wconf 90' lang='lat' dir='ltr'><strong>iuquit,</strong></span> <span class='ocrx_word' id='word_1_630' title='bbox 1462 4929 1577 5000; x_wconf 79' lang='lat' dir='ltr'><strong>quaedam</strong></span> <span class='ocrx_word' id='word_1_631' title='bbox 1588 4929 1790 4999; x_wconf 82' lang='lat' dir='ltr'><strong>reprehendenda</strong></span> <span class='ocrx_word' id='word_1_632' title='bbox 1798 4932 1854 5000; x_wconf 79' lang='lat' dir='ltr'><strong>jaim</strong></span> <span class='ocrx_word' id='word_1_633' title='bbox 1866 4946 1978 4984; x_wconf 86' lang='lat' dir='ltr'><strong>censeant</strong></span> <span class='ocrx_word' id='word_1_634' title='bbox 1989 4931 2140 4998; x_wconf 80' lang='lat' dir='ltr'><strong>:subjungit</strong></span> 
     </span>
     <span class='ocr_line' id='line_1_47' title="bbox 523 5011 2140 5096; baseline 0 -22"><span class='ocrx_word' id='word_1_635' title='bbox 523 5027 555 5079; x_wconf 71' lang='lat' dir='ltr'><strong>,tc</strong></span> <span class='ocrx_word' id='word_1_636' title='bbox 566 5026 763 5081; x_wconf 87' lang='lat' dir='ltr'><strong>commentariis</strong></span> <span class='ocrx_word' id='word_1_637' title='bbox 774 5024 831 5096; x_wconf 86' lang='lat' dir='ltr'><strong>ejus</strong></span> <span class='ocrx_word' id='word_1_638' title='bbox 844 5025 870 5080; x_wconf 93' lang='lat' dir='ltr'><strong>in</strong></span> <span class='ocrx_word' id='word_1_639' title='bbox 885 5023 1019 5089; x_wconf 88' lang='lat' dir='ltr'><strong>Psalmos,</strong></span> <span class='ocrx_word' id='word_1_640' title='bbox 1032 5038 1092 5079; x_wconf 91' lang='lat' dir='ltr'><strong>esse</strong></span> <span class='ocrx_word' id='word_1_641' title='bbox 1107 5011 1247 5077; x_wconf 89' lang='lat' dir='ltr'><strong>nonnullos</strong></span> <span class='ocrx_word' id='word_1_642' title='bbox 1266 5020 1334 5092; x_wconf 86' lang='lat' dir='ltr'><strong>apud</strong></span> <span class='ocrx_word' id='word_1_643' title='bbox 1349 5035 1378 5076; x_wconf 88' lang='lat' dir='ltr'><strong>se</strong></span> <span class='ocrx_word' id='word_1_644' title='bbox 1393 5021 1486 5094; x_wconf 88' lang='lat' dir='ltr'><strong>(eraut</strong></span> <span class='ocrx_word' id='word_1_645' title='bbox 1500 5020 1516 5075; x_wconf 93' lang='lat' dir='ltr'><strong>ii</strong></span> <span class='ocrx_word' id='word_1_646' title='bbox 1532 5019 1641 5077; x_wconf 89' lang='lat' dir='ltr'><strong>lorsitan</strong></span> <span class='ocrx_word' id='word_1_647' title='bbox 1657 5021 1790 5077; x_wconf 79' lang='lat' dir='ltr'><strong>breviores</strong></span> <span class='ocrx_word' id='word_1_648' title='bbox 1804 5023 1941 5077; x_wconf 84' lang='lat' dir='ltr'><strong>Tractatus</strong></span> <span class='ocrx_word' id='word_1_649' title='bbox 1955 5038 2033 5094; x_wconf 91' lang='lat' dir='ltr'><strong>super</strong></span> <span class='ocrx_word' id='word_1_650' title='bbox 2048 5023 2140 5090; x_wconf 79' lang='lat' dir='ltr'><strong>primis</strong></span> 
     </span>
     <span class='ocr_line' id='line_1_48' title="bbox 524 5113 2142 5187; baseline -0.001 -18"><span class='ocrx_word' id='word_1_651' title='bbox 524 5117 628 5187; x_wconf 81' lang='lat' dir='ltr'><strong>triginta</strong></span> <span class='ocrx_word' id='word_1_652' title='bbox 643 5117 745 5172; x_wconf 91' lang='lat' dir='ltr'><strong>duobus</strong></span> <span class='ocrx_word' id='word_1_653' title='bbox 760 5116 867 5187; x_wconf 89' lang='lat' dir='ltr'><strong>psalmis</strong></span> <span class='ocrx_word' id='word_1_654' title='bbox 886 5116 930 5170; x_wconf 92' lang='lat' dir='ltr'><strong>diu</strong></span> <span class='ocrx_word' id='word_1_655' title='bbox 950 5125 1010 5169; x_wconf 89' lang='lat' dir='ltr'><strong>ante</strong></span> <span class='ocrx_word' id='word_1_656' title='bbox 1028 5130 1125 5168; x_wconf 86' lang='lat' dir='ltr'><strong>arrarum</strong></span> <span class='ocrx_word' id='word_1_657' title='bbox 1140 5116 1208 5177; x_wconf 81' lang='lat' dir='ltr'><strong>tlt,</strong></span> <span class='ocrx_word' id='word_1_658' title='bbox 1222 5113 1258 5167; x_wconf 91' lang='lat' dir='ltr'><strong>uti</strong></span> <span class='ocrx_word' id='word_1_659' title='bbox 1272 5114 1327 5183; x_wconf 84' lang='lat' dir='ltr'><strong>jam</strong></span> <span class='ocrx_word' id='word_1_660' title='bbox 1341 5113 1509 5168; x_wconf 84' lang='lat' dir='ltr'><strong>obseruatum</strong></span> <span class='ocrx_word' id='word_1_661' title='bbox 1524 5113 1600 5170; x_wconf 86' lang='lat' dir='ltr'><strong>trahis</strong></span> <span class='ocrx_word' id='word_1_662' title='bbox 1614 5124 1671 5178; x_wconf 87' lang='lat' dir='ltr'><strong>est,</strong></span> <span class='ocrx_word' id='word_1_663' title='bbox 1688 5117 1845 5182; x_wconf 79' lang='lat' dir='ltr'><strong>carrarpositi,</strong></span> <span class='ocrx_word' id='word_1_664' title='bbox 1861 5117 1915 5170; x_wconf 90' lang='lat' dir='ltr'><strong>imo</strong></span> <span class='ocrx_word' id='word_1_665' title='bbox 1927 5118 2005 5171; x_wconf 90' lang='lat' dir='ltr'><strong>etiam</strong></span> <span class='ocrx_word' id='word_1_666' title='bbox 2020 5113 2142 5169; x_wconf 77' lang='lat' dir='ltr'><strong>fortassis</strong></span> 
     </span>
     <span class='ocr_line' id='line_1_49' title="bbox 524 5192 2140 5280; baseline -0.002 -17"><span class='ocrx_word' id='word_1_667' title='bbox 524 5220 584 5264; x_wconf 77' lang='lat' dir='ltr'><strong>ante</strong></span> <span class='ocrx_word' id='word_1_668' title='bbox 596 5210 664 5273; x_wconf 84' lang='lat' dir='ltr'><strong>tot,</strong></span> <span class='ocrx_word' id='word_1_669' title='bbox 680 5225 732 5280; x_wconf 88' lang='lat' dir='ltr'><strong>qrto</strong></span> <span class='ocrx_word' id='word_1_670' title='bbox 745 5210 850 5265; x_wconf 89' lang='lat' dir='ltr'><strong>circiter</strong></span> <span class='ocrx_word' id='word_1_671' title='bbox 862 5226 931 5264; x_wconf 88' lang='lat' dir='ltr'><strong>anno</strong></span> <span class='ocrx_word' id='word_1_672' title='bbox 947 5210 1043 5278; x_wconf 89' lang='lat' dir='ltr'><strong>scripta</strong></span> <span class='ocrx_word' id='word_1_673' title='bbox 1059 5206 1107 5262; x_wconf 85' lang='lat' dir='ltr'><strong>luit</strong></span> <span class='ocrx_word' id='word_1_674' title='bbox 1120 5205 1213 5261; x_wconf 85' lang='lat' dir='ltr'><strong>eadem</strong></span> <span class='ocrx_word' id='word_1_675' title='bbox 1234 5207 1278 5261; x_wconf 89' lang='lat' dir='ltr'><strong>illa</strong></span> <span class='ocrx_word' id='word_1_676' title='bbox 1293 5192 1439 5276; x_wconf 84' lang='lat' dir='ltr'><strong>epistola),</strong></span> <span class='ocrx_word' id='word_1_677' title='bbox 1459 5221 1538 5278; x_wconf 86' lang='lat' dir='ltr'><strong>qaas,</strong></span> <span class='ocrx_word' id='word_1_678' title='bbox 1554 5208 1639 5276; x_wconf 86' lang='lat' dir='ltr'><strong>pergit</strong></span> <span class='ocrx_word' id='word_1_679' title='bbox 1653 5207 1846 5278; x_wconf 83' lang='lat' dir='ltr'><strong>llicronynius,</strong></span> <span class='ocrx_word' id='word_1_680' title='bbox 1862 5208 1884 5261; x_wconf 91' lang='lat' dir='ltr'><strong>si</strong></span> <span class='ocrx_word' id='word_1_681' title='bbox 1903 5208 1989 5262; x_wconf 83' lang='lat' dir='ltr'><strong>aelian</strong></span> <span class='ocrx_word' id='word_1_682' title='bbox 2008 5207 2140 5271; x_wconf 75' lang='lat' dir='ltr'><strong>discutere,</strong></span> 
     </span>
     <span class='ocr_line' id='line_1_50' title="bbox 525 5295 2141 5378; baseline -0.003 -21"><span class='ocrx_word' id='word_1_683' title='bbox 525 5320 573 5358; x_wconf 82' lang='lat' dir='ltr'><strong>aon</strong></span> <span class='ocrx_word' id='word_1_684' title='bbox 585 5305 678 5371; x_wconf 86' lang='lat' dir='ltr'><strong>dicam,</strong></span> <span class='ocrx_word' id='word_1_685' title='bbox 692 5321 709 5357; x_wconf 92' lang='lat' dir='ltr'><strong>a</strong></span> <span class='ocrx_word' id='word_1_686' title='bbox 720 5322 769 5370; x_wconf 84' lang='lat' dir='ltr'><strong>me,</strong></span> <span class='ocrx_word' id='word_1_687' title='bbox 782 5295 823 5373; x_wconf 78' lang='lat' dir='ltr'><strong>ipsi</strong></span> <span class='ocrx_word' id='word_1_688' title='bbox 836 5306 899 5359; x_wconf 84' lang='lat' dir='ltr'><strong>nihil</strong></span> <span class='ocrx_word' id='word_1_689' title='bbox 910 5321 974 5367; x_wconf 87' lang='lat' dir='ltr'><strong>sam,</strong></span> <span class='ocrx_word' id='word_1_690' title='bbox 988 5303 1032 5358; x_wconf 85' lang='lat' dir='ltr'><strong>sed</strong></span> <span class='ocrx_word' id='word_1_691' title='bbox 1043 5319 1060 5356; x_wconf 91' lang='lat' dir='ltr'><strong>a</strong></span> <span class='ocrx_word' id='word_1_692' title='bbox 1071 5311 1178 5356; x_wconf 84' lang='lat' dir='ltr'><strong>aeterann</strong></span> <span class='ocrx_word' id='word_1_693' title='bbox 1191 5299 1335 5378; x_wconf 75' lang='lat' dir='ltr'><strong>Graecorum</strong></span> <span class='ocrx_word' id='word_1_694' title='bbox 1348 5298 1589 5368; x_wconf 82' lang='lat' dir='ltr'><strong>interpretationibus</strong></span> <span class='ocrx_word' id='word_1_695' title='bbox 1601 5299 1712 5353; x_wconf 75' lang='lat' dir='ltr'><strong>domem</strong></span> <span class='ocrx_word' id='word_1_696' title='bbox 1724 5300 1874 5371; x_wconf 76' lang='lat' dir='ltr'><strong>discrepare.</strong></span> <span class='ocrx_word' id='word_1_697' title='bbox 1888 5300 1998 5369; x_wconf 82' lang='lat' dir='ltr'><strong>Quidam</strong></span> <span class='ocrx_word' id='word_1_698' title='bbox 2010 5299 2141 5354; x_wconf 90' lang='lat' dir='ltr'><strong>recentior</strong></span> 
     </span>
     <span class='ocr_line' id='line_1_51' title="bbox 523 5390 2139 5468; baseline -0.006 -17"><span class='ocrx_word' id='word_1_699' title='bbox 523 5398 619 5452; x_wconf 82' lang='lat' dir='ltr'><strong>asserit</strong></span> <span class='ocrx_word' id='word_1_700' title='bbox 639 5397 690 5452; x_wconf 89' lang='lat' dir='ltr'><strong>ltoc</strong></span> <span class='ocrx_word' id='word_1_701' title='bbox 711 5397 769 5451; x_wconf 93' lang='lat' dir='ltr'><strong>loco</strong></span> <span class='ocrx_word' id='word_1_702' title='bbox 787 5395 975 5468; x_wconf 89' lang='lat' dir='ltr'><strong>llierouymam</strong></span> <span class='ocrx_word' id='word_1_703' title='bbox 995 5393 1143 5464; x_wconf 88' lang='lat' dir='ltr'><strong>improbare</strong></span> <span class='ocrx_word' id='word_1_704' title='bbox 1157 5407 1214 5448; x_wconf 87' lang='lat' dir='ltr'><strong>eam</strong></span> <span class='ocrx_word' id='word_1_705' title='bbox 1229 5392 1373 5458; x_wconf 87' lang='lat' dir='ltr'><strong>rationem,</strong></span> <span class='ocrx_word' id='word_1_706' title='bbox 1388 5406 1439 5460; x_wconf 91' lang='lat' dir='ltr'><strong>qua</strong></span> <span class='ocrx_word' id='word_1_707' title='bbox 1453 5390 1630 5461; x_wconf 75' lang='lat' dir='ltr'><strong>Augustinus,</strong></span> <span class='ocrx_word' id='word_1_708' title='bbox 1646 5391 1736 5445; x_wconf 88' lang='lat' dir='ltr'><strong>relicta</strong></span> <span class='ocrx_word' id='word_1_709' title='bbox 1755 5391 1865 5446; x_wconf 90' lang='lat' dir='ltr'><strong>aliorum</strong></span> <span class='ocrx_word' id='word_1_710' title='bbox 1885 5392 1990 5446; x_wconf 87' lang='lat' dir='ltr'><strong>Petrum</strong></span> <span class='ocrx_word' id='word_1_711' title='bbox 2005 5392 2139 5451; x_wconf 84' lang='lat' dir='ltr'><strong>methodo,</strong></span> 
     </span>
    </p>
   </div>
   <div class='ocr_carea' id='block_1_7' title="bbox 524 5483 2142 5651">
    <p class='ocr_par' dir='ltr' id='par_1_10' title="bbox 524 5483 2142 5651">
     <span class='ocr_line' id='line_1_52' title="bbox 525 5483 2141 5560; baseline -0.006 -16"><span class='ocrx_word' id='word_1_712' title='bbox 525 5490 643 5545; x_wconf 88' lang='lat' dir='ltr'><strong>Psalmos</strong></span> <span class='ocrx_word' id='word_1_713' title='bbox 661 5498 702 5546; x_wconf 87' lang='lat' dir='ltr'><strong>cst</strong></span> <span class='ocrx_word' id='word_1_714' title='bbox 723 5491 916 5559; x_wconf 86' lang='lat' dir='ltr'><strong>interpretatus,</strong></span> <span class='ocrx_word' id='word_1_715' title='bbox 940 5491 970 5543; x_wconf 82' lang='lat' dir='ltr'><strong>bt</strong></span> <span class='ocrx_word' id='word_1_716' title='bbox 984 5489 1177 5560; x_wconf 79' lang='lat' dir='ltr'><strong>hieronymus,</strong></span> <span class='ocrx_word' id='word_1_717' title='bbox 1192 5484 1301 5556; x_wconf 89' lang='lat' dir='ltr'><strong>epistola</strong></span> <span class='ocrx_word' id='word_1_718' title='bbox 1316 5498 1363 5538; x_wconf 89' lang='lat' dir='ltr'><strong>sua</strong></span> <span class='ocrx_word' id='word_1_719' title='bbox 1377 5484 1411 5538; x_wconf 77' lang='lat'><strong>“15</strong></span> <span class='ocrx_word' id='word_1_720' title='bbox 1426 5483 1494 5538; x_wconf 87' lang='lat' dir='ltr'><strong>inter</strong></span> <span class='ocrx_word' id='word_1_721' title='bbox 1507 5483 1724 5554; x_wconf 80' lang='lat' dir='ltr'><strong>sargusuaianas,</strong></span> <span class='ocrx_word' id='word_1_722' title='bbox 1741 5499 1792 5537; x_wconf 93' lang='lat' dir='ltr'><strong>noa</strong></span> <span class='ocrx_word' id='word_1_723' title='bbox 1807 5485 1891 5538; x_wconf 94' lang='lat' dir='ltr'><strong>multo</strong></span> <span class='ocrx_word' id='word_1_724' title='bbox 1903 5493 1965 5553; x_wconf 93' lang='lat' dir='ltr'><strong>post</strong></span> <span class='ocrx_word' id='word_1_725' title='bbox 1977 5483 2141 5552; x_wconf 90' lang='lat' dir='ltr'><strong>superiorem</strong></span> 
     </span>
     <span class='ocr_line' id='line_1_53' title="bbox 524 5566 2142 5651; baseline -0.004 -18"><span class='ocrx_word' id='word_1_726' title='bbox 524 5581 594 5647; x_wconf 86' lang='lat' dir='ltr'><strong>alata,</strong></span> <span class='ocrx_word' id='word_1_727' title='bbox 610 5598 639 5636; x_wconf 91' lang='lat' dir='ltr'><strong>se</strong></span> <span class='ocrx_word' id='word_1_728' title='bbox 651 5584 707 5651; x_wconf 84' lang='lat' dir='ltr'><strong>ipse</strong></span> <span class='ocrx_word' id='word_1_729' title='bbox 719 5579 884 5636; x_wconf 91' lang='lat' dir='ltr'><strong>commodius</strong></span> <span class='ocrx_word' id='word_1_730' title='bbox 898 5566 1009 5648; x_wconf 81' lang='lat' dir='ltr'><strong>explieat</strong></span> <span class='ocrx_word' id='word_1_731' title='bbox 1024 5599 1029 5634; x_wconf 96' lang='lat'><strong>:</strong></span> <span class='ocrx_word' id='word_1_732' title='bbox 1042 5575 1108 5635; x_wconf 69' lang='lat' dir='ltr'><strong>&#39;satis</strong></span> <span class='ocrx_word' id='word_1_733' title='bbox 1122 5578 1219 5649; x_wconf 77' lang='lat' dir='ltr'><strong>quippe</strong></span> <span class='ocrx_word' id='word_1_734' title='bbox 1233 5575 1317 5630; x_wconf 89' lang='lat' dir='ltr'><strong>innuit</strong></span> <span class='ocrx_word' id='word_1_735' title='bbox 1330 5589 1383 5630; x_wconf 91' lang='lat' dir='ltr'><strong>nou</strong></span> <span class='ocrx_word' id='word_1_736' title='bbox 1396 5574 1448 5628; x_wconf 90' lang='lat' dir='ltr'><strong>aliu</strong></span> <span class='ocrx_word' id='word_1_737' title='bbox 1461 5582 1594 5643; x_wconf 89' lang='lat' dir='ltr'><strong>spectasse</strong></span> <span class='ocrx_word' id='word_1_738' title='bbox 1613 5583 1758 5628; x_wconf 87' lang='lat' dir='ltr'><strong>mentorata</strong></span> <span class='ocrx_word' id='word_1_739' title='bbox 1772 5574 1868 5638; x_wconf 85' lang='lat' dir='ltr'><strong>rerba,</strong></span> <span class='ocrx_word' id='word_1_740' title='bbox 1883 5588 1961 5643; x_wconf 93' lang='lat' dir='ltr'><strong>quam</strong></span> <span class='ocrx_word' id='word_1_741' title='bbox 1978 5584 2005 5628; x_wconf 93' lang='lat' dir='ltr'><strong>ut</strong></span> <span class='ocrx_word' id='word_1_742' title='bbox 2019 5574 2142 5643; x_wconf 81' lang='lat' dir='ltr'><strong>hragusti·</strong></span> 
     </span>
    </p>
   </div>
   <div class='ocr_carea' id='block_1_8' title="bbox 488 5668 2143 6211">
    <p class='ocr_par' dir='ltr' id='par_1_11' title="bbox 488 5668 2143 6211">
     <span class='ocr_line' id='line_1_54' title="bbox 525 5668 2142 5745; baseline -0.004 -19"><span class='ocrx_word' id='word_1_743' title='bbox 525 5678 631 5728; x_wconf 83' lang='lat' dir='ltr'><strong>nianrrtn</strong></span> <span class='ocrx_word' id='word_1_744' title='bbox 644 5682 836 5742; x_wconf 90' lang='lat' dir='ltr'><strong>argumentum,</strong></span> <span class='ocrx_word' id='word_1_745' title='bbox 850 5688 902 5741; x_wconf 92' lang='lat' dir='ltr'><strong>quo</strong></span> <span class='ocrx_word' id='word_1_746' title='bbox 913 5683 971 5741; x_wconf 75' lang='lat' dir='ltr'><strong>post</strong></span> <span class='ocrx_word' id='word_1_747' title='bbox 983 5672 1152 5745; x_wconf 51' lang='lat' dir='ltr'><strong>septaginta</strong></span> <span class='ocrx_word' id='word_1_748' title='bbox 1166 5672 1337 5740; x_wconf 89' lang='lat' dir='ltr'><strong>interpretum</strong></span> <span class='ocrx_word' id='word_1_749' title='bbox 1348 5668 1512 5728; x_wconf 82' lang='lat' dir='ltr'><strong>l&#39;ersionem.</strong></span> <span class='ocrx_word' id='word_1_750' title='bbox 1526 5684 1556 5721; x_wconf 87' lang='lat' dir='ltr'><strong>ca</strong></span> <span class='ocrx_word' id='word_1_751' title='bbox 1568 5684 1645 5738; x_wconf 90' lang='lat' dir='ltr'><strong>quam</strong></span> <span class='ocrx_word' id='word_1_752' title='bbox 1659 5668 1777 5722; x_wconf 90' lang='lat' dir='ltr'><strong>ediderat</strong></span> <span class='ocrx_word' id='word_1_753' title='bbox 1790 5669 1887 5723; x_wconf 90' lang='lat' dir='ltr'><strong>inutilis</strong></span> <span class='ocrx_word' id='word_1_754' title='bbox 1900 5682 1959 5722; x_wconf 86' lang='lat' dir='ltr'><strong>esse</strong></span> <span class='ocrx_word' id='word_1_755' title='bbox 1973 5668 2142 5738; x_wconf 84' lang='lat' dir='ltr'><strong>arguebatur,</strong></span> 
     </span>
     <span class='ocr_line' id='line_1_55' title="bbox 523 5759 2143 5836; baseline -0.007 -15"><span class='ocrx_word' id='word_1_756' title='bbox 523 5768 645 5822; x_wconf 83' lang='lat' dir='ltr'><strong>alilatcret.</strong></span> <span class='ocrx_word' id='word_1_757' title='bbox 660 5767 739 5836; x_wconf 88' lang='lat' dir='ltr'><strong>igitur</strong></span> <span class='ocrx_word' id='word_1_758' title='bbox 751 5766 911 5836; x_wconf 90' lang='lat' dir='ltr'><strong>propositum</strong></span> <span class='ocrx_word' id='word_1_759' title='bbox 924 5765 1047 5819; x_wconf 88' lang='lat' dir='ltr'><strong>dilemma</strong></span> <span class='ocrx_word' id='word_1_760' title='bbox 1062 5773 1196 5835; x_wconf 88' lang='lat' dir='ltr'><strong>retorquet</strong></span> <span class='ocrx_word' id='word_1_761' title='bbox 1215 5763 1240 5817; x_wconf 91' lang='lat' dir='ltr'><strong>iu</strong></span> <span class='ocrx_word' id='word_1_762' title='bbox 1255 5762 1326 5816; x_wconf 92' lang='lat' dir='ltr'><strong>hunc</strong></span> <span class='ocrx_word' id='word_1_763' title='bbox 1339 5759 1444 5814; x_wconf 87' lang='lat' dir='ltr'><strong>modrtm</strong></span> <span class='ocrx_word' id='word_1_764' title='bbox 1459 5778 1465 5812; x_wconf 92' lang='lat'>:</span> <span class='ocrx_word' id='word_1_765' title='bbox 1482 5760 1640 5829; x_wconf 82' lang='lat' dir='ltr'><strong>Respondeat</strong></span> <span class='ocrx_word' id='word_1_766' title='bbox 1654 5761 1715 5814; x_wconf 86' lang='lat' dir='ltr'><strong>milri</strong></span> <span class='ocrx_word' id='word_1_767' title='bbox 1730 5760 1861 5831; x_wconf 84' lang='lat' dir='ltr'><strong>prudentia</strong></span> <span class='ocrx_word' id='word_1_768' title='bbox 1880 5767 1937 5819; x_wconf 89' lang='lat' dir='ltr'><strong>tua,</strong></span> <span class='ocrx_word' id='word_1_769' title='bbox 1953 5775 2028 5828; x_wconf 87' lang='lat' dir='ltr'><strong>quare</strong></span> <span class='ocrx_word' id='word_1_770' title='bbox 2047 5768 2074 5811; x_wconf 87' lang='lat' dir='ltr'><strong>ta</strong></span> <span class='ocrx_word' id='word_1_771' title='bbox 2089 5765 2143 5828; x_wconf 83' lang='lat' dir='ltr'><strong>past</strong></span> 
     </span>
     <span class='ocr_line' id='line_1_56' title="bbox 525 5851 2143 5931; baseline -0.007 -17"><span class='ocrx_word' id='word_1_772' title='bbox 525 5871 606 5916; x_wconf 86' lang='lat' dir='ltr'><strong>tantas</strong></span> <span class='ocrx_word' id='word_1_773' title='bbox 618 5872 642 5917; x_wconf 86' lang='lat' dir='ltr'><strong>et</strong></span> <span class='ocrx_word' id='word_1_774' title='bbox 655 5862 715 5916; x_wconf 89' lang='lat' dir='ltr'><strong>tales</strong></span> <span class='ocrx_word' id='word_1_775' title='bbox 726 5863 871 5931; x_wconf 83' lang='lat' dir='ltr'><strong>interpretes</strong></span> <span class='ocrx_word' id='word_1_776' title='bbox 883 5860 910 5913; x_wconf 87' lang='lat' dir='ltr'><strong>ln</strong></span> <span class='ocrx_word' id='word_1_777' title='bbox 921 5858 1097 5929; x_wconf 74' lang='lat' dir='ltr'><strong>explanatione</strong></span> <span class='ocrx_word' id='word_1_778' title='bbox 1109 5856 1270 5911; x_wconf 85' lang='lat' dir='ltr'><strong>Psalmorum</strong></span> <span class='ocrx_word' id='word_1_779' title='bbox 1284 5857 1380 5910; x_wconf 77' lang='lat' dir='ltr'><strong>diuam</strong></span> <span class='ocrx_word' id='word_1_780' title='bbox 1391 5856 1518 5909; x_wconf 71' lang='lat' dir='ltr'><strong>aurate?</strong></span> <span class='ocrx_word' id='word_1_781' title='bbox 1533 5855 1562 5928; x_wconf 80' lang='lat' dir='ltr'><strong>Si</strong></span> <span class='ocrx_word' id='word_1_782' title='bbox 1575 5855 1640 5909; x_wconf 88' lang='lat' dir='ltr'><strong>euim</strong></span> <span class='ocrx_word' id='word_1_783' title='bbox 1655 5855 1752 5909; x_wconf 69' lang='lat' dir='ltr'><strong>oderam</strong></span> <span class='ocrx_word' id='word_1_784' title='bbox 1766 5862 1825 5909; x_wconf 84' lang='lat' dir='ltr'><strong>sutri</strong></span> <span class='ocrx_word' id='word_1_785' title='bbox 1841 5851 1951 5917; x_wconf 84' lang='lat' dir='ltr'><strong>Psalnri,</strong></span> <span class='ocrx_word' id='word_1_786' title='bbox 1968 5862 1992 5905; x_wconf 90' lang='lat' dir='ltr'><strong>te</strong></span> <span class='ocrx_word' id='word_1_787' title='bbox 2009 5869 2104 5921; x_wconf 81' lang='lat' dir='ltr'><strong>praeque</strong></span> <span class='ocrx_word' id='word_1_788' title='bbox 2117 5852 2143 5903; x_wconf 88' lang='lat' dir='ltr'><strong>ia</strong></span> 
     </span>
     <span class='ocr_line' id='line_1_57' title="bbox 526 5944 2143 6025; baseline -0.006 -18"><span class='ocrx_word' id='word_1_789' title='bbox 526 5955 561 6007; x_wconf 84' lang='lat' dir='ltr'><strong>eis</strong></span> <span class='ocrx_word' id='word_1_790' title='bbox 574 5954 629 6024; x_wconf 73' lang='lat' dir='ltr'><strong>{atti</strong></span> <span class='ocrx_word' id='word_1_791' title='bbox 642 5954 751 6025; x_wconf 84' lang='lat' dir='ltr'><strong>patuisse</strong></span> <span class='ocrx_word' id='word_1_792' title='bbox 765 5953 914 6007; x_wconf 85' lang='lat' dir='ltr'><strong>credendum</strong></span> <span class='ocrx_word' id='word_1_793' title='bbox 928 5963 964 6007; x_wconf 91' lang='lat' dir='ltr'><strong>cst</strong></span> <span class='ocrx_word' id='word_1_794' title='bbox 976 5968 986 6006; x_wconf 88' lang='grc'><strong>.·</strong></span> <span class='ocrx_word' id='word_1_795' title='bbox 998 5951 1020 6005; x_wconf 83' lang='lat' dir='ltr'><strong>si</strong></span> <span class='ocrx_word' id='word_1_796' title='bbox 1032 5949 1172 6017; x_wconf 67' lang='lat' dir='ltr'><strong>manifesti,</strong></span> <span class='ocrx_word' id='word_1_797' title='bbox 1193 5949 1250 6002; x_wconf 86' lang='lat' dir='ltr'><strong>illos</strong></span> <span class='ocrx_word' id='word_1_798' title='bbox 1267 5950 1293 6001; x_wconf 89' lang='lat' dir='ltr'><strong>in</strong></span> <span class='ocrx_word' id='word_1_799' title='bbox 1309 5947 1344 6003; x_wconf 84' lang='lat' dir='ltr'><strong>eis</strong></span> <span class='ocrx_word' id='word_1_800' title='bbox 1363 5947 1419 6017; x_wconf 69' lang='lat' dir='ltr'><strong>[atti</strong></span> <span class='ocrx_word' id='word_1_801' title='bbox 1438 5949 1547 6018; x_wconf 85' lang='lat' dir='ltr'><strong>potuisse</strong></span> <span class='ocrx_word' id='word_1_802' title='bbox 1567 5965 1616 6001; x_wconf 88' lang='lat' dir='ltr'><strong>aaa</strong></span> <span class='ocrx_word' id='word_1_803' title='bbox 1636 5949 1808 6002; x_wconf 60' lang='lat' dir='ltr'><strong>caralitanae</strong></span> <span class='ocrx_word' id='word_1_804' title='bbox 1823 5961 1866 6017; x_wconf 85' lang='lat' dir='ltr'><strong>per</strong></span> <span class='ocrx_word' id='word_1_805' title='bbox 1885 5944 1931 5998; x_wconf 84' lang='lat' dir='ltr'><strong>hoc</strong></span> <span class='ocrx_word' id='word_1_806' title='bbox 1949 5955 2051 6015; x_wconf 74' lang='lat' dir='ltr'><strong>auoque</strong></span> <span class='ocrx_word' id='word_1_807' title='bbox 2068 5947 2143 5997; x_wconf 85' lang='lat' dir='ltr'><strong>rraodo</strong></span> 
     </span>
     <span class='ocr_line' id='line_1_58' title="bbox 526 6038 2142 6120; baseline -0.006 -18"><span class='ocrx_word' id='word_1_808' title='bbox 526 6050 656 6119; x_wconf 67' lang='lat' dir='ltr'><strong>superflua</strong></span> <span class='ocrx_word' id='word_1_809' title='bbox 667 6049 713 6103; x_wconf 84' lang='lat' dir='ltr'><strong>erit</strong></span> <span class='ocrx_word' id='word_1_810' title='bbox 723 6047 890 6120; x_wconf 87' lang='lat' dir='ltr'><strong>interpretatio</strong></span> <span class='ocrx_word' id='word_1_811' title='bbox 903 6056 945 6101; x_wconf 87' lang='lat' dir='ltr'><strong>tua</strong></span> <span class='ocrx_word' id='word_1_812' title='bbox 956 6063 965 6101; x_wconf 92' lang='lat'><strong>.·</strong></span> <span class='ocrx_word' id='word_1_813' title='bbox 976 6056 999 6100; x_wconf 86' lang='lat' dir='ltr'><strong>et</strong></span> <span class='ocrx_word' id='word_1_814' title='bbox 1011 6047 1058 6098; x_wconf 85' lang='lat' dir='ltr'><strong>hnc</strong></span> <span class='ocrx_word' id='word_1_815' title='bbox 1072 6043 1125 6116; x_wconf 79' lang='lat' dir='ltr'><strong>lepe</strong></span> <span class='ocrx_word' id='word_1_816' title='bbox 1137 6053 1192 6113; x_wconf 88' lang='lat' dir='ltr'><strong>post</strong></span> <span class='ocrx_word' id='word_1_817' title='bbox 1206 6042 1300 6113; x_wconf 85' lang='lat' dir='ltr'><strong>priores</strong></span> <span class='ocrx_word' id='word_1_818' title='bbox 1311 6058 1383 6097; x_wconf 83' lang='lat' dir='ltr'><strong>aceto</strong></span> <span class='ocrx_word' id='word_1_819' title='bbox 1394 6041 1461 6111; x_wconf 87' lang='lat' dir='ltr'><strong>loqui</strong></span> <span class='ocrx_word' id='word_1_820' title='bbox 1475 6041 1592 6107; x_wconf 82' lang='lat' dir='ltr'><strong>asdcirit,·</strong></span> <span class='ocrx_word' id='word_1_821' title='bbox 1605 6053 1628 6096; x_wconf 91' lang='lat' dir='ltr'><strong>et</strong></span> <span class='ocrx_word' id='word_1_822' title='bbox 1640 6044 1812 6112; x_wconf 87' lang='lat' dir='ltr'><strong>quodcumque</strong></span> <span class='ocrx_word' id='word_1_823' title='bbox 1822 6040 1887 6092; x_wconf 83' lang='lat' dir='ltr'><strong>alius</strong></span> <span class='ocrx_word' id='word_1_824' title='bbox 1900 6038 2064 6108; x_wconf 78' lang='lat' dir='ltr'><strong>occupaverit,</strong></span> <span class='ocrx_word' id='word_1_825' title='bbox 2077 6038 2142 6091; x_wconf 78' lang='lat' dir='ltr'><strong>alites</strong></span> 
     </span>
     <span class='ocr_line' id='line_1_59' title="bbox 488 6132 2139 6211; baseline -0.011 -10"><span class='ocrx_word' id='word_1_826' title='bbox 488 6194 492 6201; x_wconf 94' lang='lat'><strong>.</strong></span> <span class='ocrx_word' id='word_1_827' title='bbox 528 6147 561 6197; x_wconf 79' lang='lat' dir='ltr'><strong>de</strong></span> <span class='ocrx_word' id='word_1_828' title='bbox 571 6159 602 6198; x_wconf 81' lang='lat' dir='ltr'><strong>eo</strong></span> <span class='ocrx_word' id='word_1_829' title='bbox 613 6141 735 6199; x_wconf 81' lang='lat' dir='ltr'><strong>acribmdi</strong></span> <span class='ocrx_word' id='word_1_830' title='bbox 748 6159 798 6198; x_wconf 89' lang='lat' dir='ltr'><strong>non</strong></span> <span class='ocrx_word' id='word_1_831' title='bbox 813 6142 909 6197; x_wconf 76' lang='lat' dir='ltr'><strong>habehit</strong></span> <span class='ocrx_word' id='word_1_832' title='bbox 921 6142 1054 6196; x_wconf 85' lang='lat' dir='ltr'><strong>lirratiam.</strong></span> <span class='ocrx_word' id='word_1_833' title='bbox 1070 6139 1104 6195; x_wconf 79' lang='lat' dir='ltr'><strong>ha</strong></span> <span class='ocrx_word' id='word_1_834' title='bbox 1117 6146 1188 6194; x_wconf 91' lang='lat' dir='ltr'><strong>corte</strong></span> <span class='ocrx_word' id='word_1_835' title='bbox 1202 6137 1228 6192; x_wconf 91' lang='lat' dir='ltr'><strong>iu</strong></span> <span class='ocrx_word' id='word_1_836' title='bbox 1243 6145 1334 6192; x_wconf 91' lang='lat' dir='ltr'><strong>ncutra</strong></span> <span class='ocrx_word' id='word_1_837' title='bbox 1348 6135 1516 6206; x_wconf 88' lang='lat' dir='ltr'><strong>epistolarum</strong></span> <span class='ocrx_word' id='word_1_838' title='bbox 1536 6137 1571 6190; x_wconf 83' lang='lat' dir='ltr'><strong>tle</strong></span> <span class='ocrx_word' id='word_1_839' title='bbox 1588 6145 1714 6191; x_wconf 91' lang='lat' dir='ltr'><strong>consucta</strong></span> <span class='ocrx_word' id='word_1_840' title='bbox 1733 6136 1835 6191; x_wconf 88' lang='lat' dir='ltr'><strong>ratione</strong></span> <span class='ocrx_word' id='word_1_841' title='bbox 1849 6132 1996 6211; x_wconf 78' lang='lat' dir='ltr'><strong>exponendi</strong></span> <span class='ocrx_word' id='word_1_842' title='bbox 2012 6132 2139 6191; x_wconf 80' lang='lat' dir='ltr'><strong>Psrlrrros,</strong></span> 
     </span>
    </p>
   </div>
   <div class='ocr_carea' id='block_1_9' title="bbox 0 0 2534 6916">
    <p class='ocr_par' dir='ltr' id='par_1_12' title="bbox 0 0 2534 6916">
     <span class='ocr_line' id='line_1_60' title="bbox 0 0 2534 6916; baseline 0 0"><span class='ocrx_word' id='word_1_843' title='bbox 0 0 2534 6916; x_wconf 95' lang='lat' dir='ltr'><strong> </strong></span> 
     </span>
    </p>
   </div>
  </div>
 </body>
</html>
