5025 6925
439 718 490 773 ιιι
961 692 1159 758 autumno
1175 692 1210 747 ut
1228 687 1389 747 mettun
1409 692 1509 751 tritt.
1612 712 1614 715 -
1998 692 2054 760 ,ω

439 830 563 886 velutin
587 827 674 885 locum
696 825 810 897 aliquem
832 820 1001 877 destinatum.
1024 811 1129 868 initium
1149 806 1237 865 euim·
1273 809 1598 886 amorlaudantis
1620 820 1702 867 antem
1723 811 1781 870 ertit
1800 829 1892 883 eorptta
1914 812 2008 872 ctum
2029 825 2056 874 et
2166 860 2168 863 .

441 925 574 987 cerium·
593 922 735 987 ιιίηιιιιιιι·
751 926 808 974 rant
833 913 924 972 Cirirti
943 912 971 965 ia
994 904 1127 979 presentia
1151 902 1222 970 eitra:
1273 904 1382 957 membra
1398 903 1425 974 (l
1436 901 1495 957 Gor.
1510 920 1556 969 ιιι,
1569 904 1635 977 iil:
1653 906 1744 975 procul
1755 906 1835 961 dubio
1847 917 1875 963 et
1886 907 1943 974 ipse
1961 910 2056 981 aceepit

442 1016 533 1070 deinde
545 1012 603 1082 pinis
620 1011 640 1083 (l
653 1011 711 1067 Cor.
723 1025 766 1075 tv,
778 1008 823 1070 25,
833 1005 891 1077 il).
906 1003 969 1058 liae
980 1007 1021 1055 est
1033 1003 1122 1053 saneta
1134 992 1225 1049 Eccle-
1275 993 1343 1049 dana
1355 996 1381 1048 in
1393 996 1544 1051 baminibar.
1555 996 1674 1052 Cbristue
1686 999 1783 1069 quippe
1793 998 1912 1055 aseendit
1925 1002 1950 1053 in
1963 1000 2054 1057 altaro.

444 1106 495 1170 sia,
509 1121 568 1177 quur
582 1112 643 1157 sunt
656 1100 725 1171 quod
746 1099 875 1170 seqnitur,
894 1092 981 1147 tttttta
1001 1088 1150 1144 latentium.
1170 1083 1224 1152 Spe
1276 1095 1304 1139 et
1316 1084 1392 1141 sedet
1411 1085 1444 1140 ad
1464 1086 1600 1142 dexterum
1621 1088 1706 1144 Putris
1729 1089 1823 1160 (tta-e.
1850 1106 1905 1155 ιιι,
1925 1090 1988 1161 att:
2009 1092 2057 1148 setl

444 1197 516 1251 enim
541 1204 602 1249 sunt
617 1192 764 1264 pandentes,
782 1190 867 1243 donea
891 1183 1066 1256 perdumutm
1088 1177 1114 1232 in
1145 1174 1224 1229 inem
1277 1175 1328 1230 nisi
1338 1186 1366 1230 et
1380 1175 1423 1230 ltie
1435 1186 1507 1232 esset
1519 1177 1544 1231 iu
1554 1178 1644 1245 terris,
1656 1193 1709 1234 nun
1722 1180 1783 1235 inde
1796 1180 1954 1236 clantasset:
1969 1181 2058 1246 Saule

445 1302 526 1354 auem
539 1299 608 1339 nune
621 1290 827 1353 exspectantper
839 1277 992 1349 patientiam
1005 1271 1091 1342 (liant.
1101 1283 1155 1333 vttt,
1165 1264 1225 1337 25).
1279 1264 1368 1333 Saule,
1387 1266 1448 1337 qnid
1461 1284 1500 1321 nte
1510 1271 1663 1339 persequeris
1685 1270 1756 1340 (Act.
1771 1286 1811 1335 ιι,
1823 1272 1871 1340 lt?
1893 1270 1958 1327 Cum
1982 1273 2061 1343 igitur

447 1378 557 1435 nattes
568 1386 670 1438 autem,
683 1388 743 1428 cum
757 1371 885 1433 dixisset,
901 1367 985 1422 ilillin
998 1364 1149 1426 latentium,
1166 1374 1230 1413 eon·
1279 1356 1349 1412 idem
1362 1358 1418 1427 ipse
1432 1357 1510 1421 dieat,
1527 1357 1634 1424 Quando
1653 1362 1697 1415 ani
1709 1378 1741 1416 ee
1755 1363 1863 1417 ntinimt'e
1876 1364 1937 1418 atteia
1956 1365 2059 1434 lenatia,

448 1470 522 1522 tituto
544 1465 665 1535 subjecit,
688 1463 809 1518 Dantinrtr
831 1462 857 1514 in
870 1460 931 1513 illie.
953 1456 991 1513 Ne
1011 1456 1136 1509 miremur
1158 1449 1227 1520 quod
1280 1450 1341 1505 milti
1361 1452 1453 1523 [raiatia
1472 1451 1575 1520 (blattln.
1592 1469 1657 1516 xxv,
1671 1454 1734 1526 ld);
1757 1455 1819 1526 quitl
1839 1455 1988 1511 dubitamus
2000 1471 2061 1511 euttt

448 1559 586 1621 intentum
602 1555 724 1609 dominae
736 1555 762 1607 in
776 1554 836 1607 illie.
851 1551 916 1606 Nam
930 1565 974 1620 per
986 1547 1077 1601 mattae
1089 1544 1230 1599 tribulatio·
1280 1543 1400 1612 accipere
1426 1544 1452 1598 in
1467 1545 1593 1599 membris
1613 1546 1679 1611 suis,
1694 1562 1753 1615 (pun
1772 1546 1841 1601 dona
1862 1549 1981 1603 utenrbra
2004 1549 2063 1618 ejus

450 1666 494 1706 nee
508 1658 603 1719 oportet
616 1664 660 1708 noa
676 1647 778 1701 introire
791 1646 816 1698 in
828 1658 931 1715 repnnnt
944 1639 990 1694 liei
1004 1640 1071 1708 (alet.
1092 1651 1151 1699 ιιι,
1163 1634 1208 1704 at)
1222 1651 1230 1691 ι
1281 1632 1436 1702 accipiunt?

451 1742 516 1807 aed,
537 1741 659 1795 Dominus
681 1740 708 1792 in
729 1737 790 1792 illia.
814 1735 876 1790 ideo
898 1735 947 1790 etsi
969 1742 1029 1788 sunt
1048 1730 1120 1801 qnasi
1139 1731 1231 1792 trister,
1316 1722 1360 1779 96.
1380 1722 1431 1779 Sed
1453 1725 1514 1794 qttid
1534 1735 1584 1794 est,
1600 1724 1738 1797 captivasti
1761 1729 1950 1799 captiuitatem!
1972 1733 2063 1785 tltrum

454 1848 549 1902 semper
566 1840 647 1884 tantan
660 1831 794 1901 pandentes
815 1823 975 1896 (liconti,
992 1822 1052 1894 lbi:
1073 1836 1122 1877 nee
1137 1819 1191 1889 jam
1205 1819 1232 1872 in
1282 1816 1342 1886 quia
1365 1817 1428 1871 vicit
1449 1827 1571 1882 mortem,
1589 1835 1648 1888 quae
1669 1821 1787 1890 captivos
1805 1822 1910 1877 tenebat
1930 1822 1956 1875 in
1970 1823 2065 1891 quibus

453 1939 511 1993 ipso
525 1924 576 1977 stne
589 1936 641 1991 qno
654 1920 769 1974 noudum
781 1926 918 1978 uerierunt.
931 1915 978 1992 sed
992 1931 1036 1983 epe
1049 1922 1110 1967 sunt
1123 1914 1233 1981 panden-
1283 1908 1430 1977 regnabat?
1449 1924 1481 1962 att
1497 1910 1567 1978 ipsos
1580 1909 1702 1965 homines
1716 1913 1856 1982 appellavit
1875 1912 2064 1983 captivitatem,

454 2022 501 2077 ter,
524 2021 551 2065 et
572 2011 599 2064 in
616 2009 773 2063 tribulatione
795 2008 914 2078 patienter
927 2002 1016 2072 (ilenti
1031 2018 1084 2065 ιιι,
1100 2001 1153 2070 te),
1167 2014 1234 2070 qttn·
1284 1998 1327 2067 qui
1341 1995 1437 2066 erptiti
1451 1999 1500 2053 sub
1515 1999 1619 2060 diabalo
1633 2001 1809 2056 tenebantur?
1823 2001 1903 2069 cujus
1917 2004 1956 2058 vei
1970 2013 2067 2074 myste-

455 2104 525 2157 nium
538 2100 660 2155 dominae
674 2100 772 2167 inillis,
785 2100 811 2151 in
826 2097 900 2162 Sina,
913 2097 1045 2150 insatiata.
1058 2092 1085 2147 ln
1099 2092 1235 2145 nominum
1285 2088 1353 2142 rium
1373 2090 1491 2146 eontinet
1513 2092 1591 2145 etiam
1617 2093 1707 2146 titulus
1733 2094 1802 2147 illius
1827 2094 1931 2163 psalmi,
1960 2093 2067 2160 Quando
2125 2111 2132 2122 ·

455 2193 622 2248 beomorum
639 2188 895 2259 interpretationibus
914 2186 1061 2240 invenimus
1079 2182 1140 2236 Sina
1156 2181 1237 2234 inter·
1286 2184 1375 2237 domne
1395 2183 1568 2252 edificabatur
1583 2196 1638 2255 port
1657 2187 1825 2255 captiuitatem
1844 2186 1928 2258 (ΙίιιΙ.
1948 2201 2008 2252 xcv,
2021 2186 2065 2254 ll:

456 2282 552 2353 pretari
563 2280 711 2335 blandatum
724 2297 730 2332 :
746 2289 773 2333 et
784 2278 834 2332 aliu
846 2276 964 2347 quaedam
976 2276 1177 2342 interpretatum
1189 2266 1237 2325 aeti
1287 2271 1312 2327 id
1326 2283 1374 2337 est,
1390 2274 1507 2329 Ecclesia
1520 2284 1579 2345 past
1590 2276 1776 2346 gentilitatem.
1789 2276 1864 2346 ipsos
1885 2278 1972 2346 itaque
1984 2276 2067 2330 hunti-

457 2372 509 2427 boe
523 2381 584 2441 puto
608 2372 730 2441 praesenti
754 2370 812 2424 loeo
835 2368 921 2437 aptius
940 2365 1092 2422 contenire·
1114 2360 1239 2417 Reddens
1287 2358 1337 2420 nes
1358 2367 1403 2436 qui
1425 2368 1520 2436 captivi
1547 2370 1702 2423 tentabuntur
1723 2370 1860 2439 appellans
1880 2370 2067 2439 captivitatem,

458 2463 529 2517 enim
548 2477 653 2517 causam
682 2476 762 2531 attare
786 2460 938 2514 letarentur
962 2456 1007 2511 illa
1028 2454 1120 2517 ιιιῑΙΙὶι,
1144 2452 1240 2522 (ilibus
1288 2458 1357 2513 sieut
1371 2458 1462 2514 militia
1475 2474 1535 2515 eum
1550 2460 1683 2518 dicituret
1697 2461 1880 2531 intelliguntur
1889 2462 1933 2532 qui
1946 2461 2069 2527 militant,

457 2562 562 2607 constat
575 2568 667 2608 curtus
683 2552 738 2617 Dei.
753 2549 885 2614 ὓιιιῐιιιι,
900 2548 993 2617 induli,
1008 2547 1034 2600 ¹⁸¹¹
1049 2545 1110 2608 mit.
1123 2544 1150 2597 in
1163 2542 1237 2605 Sint,
1289 2547 1409 2604 eamdem
1421 2551 1601 2618 captivitatem
1615 2551 1747 2606 aCltristo
1761 2551 1917 2621 captivatam
1931 2550 2004 2605 dicit.
2017 2549 2072 2605 Cur

457 2643 485 2697 in
499 2652 604 2697 nancto:
618 2642 705 2707 idest,
719 2641 844 2696 barnoinus
858 2640 884 2693 iu
900 2637 962 2703 illis,
975 2637 1001 2692 in
1013 2638 1156 2699 mandato;
1171 2631 1242 2702 quod
1290 2639 1362 2695 enim
1375 2654 1427 2696 nort
1443 2641 1478 2695 eit
1491 2642 1627 2708 eaptivitas
1638 2641 1710 2702 felix.
1720 2642 1741 2697 ai
1752 2651 1779 2697 et
1793 2642 1825 2696 ad
1840 2643 1937 2697 bonum
1951 2642 2071 2697 homirius

459 2733 612 2788 mandatum
626 2741 744 2788 sanctum
756 2740 812 2799 est,
827 2732 895 2786 sicut
907 2727 1137 2797 dicitApostolus:
1153 2723 1242 2794 ltatpte
1291 2739 1402 2799 potsunt
1419 2731 1496 2801 eapil
1514 2731 1591 2788 Unde
1611 2732 1691 2788 Petro
1704 2732 1803 2787 dietum
1819 2742 1877 2788 est:
1897 2732 1940 2787 Ee
1960 2734 2006 2787 ltoe
2015 2734 2072 2805 jorn

420 2799 429 2825 ’
460 2824 623 2896 mquidem
637 2832 775 2891 taneta,et
788 2821 933 2876 mandmtm
946 2818 1241 2887 autumationum,
1292 2821 1403 2877 bantinee
1413 2822 1662 2894 eriorapienslbne.
1676 2823 1999 2894 etotcnpuvauorpo,
2013 2824 2073 2894 qttia

460 2929 486 2974 et
506 2918 595 2972 bonnm
611 2915 665 2987 (ld.
681 2931 731 2980 vu,
745 2914 801 2984 li).
815 2912 866 2970 Sed
891 2912 954 2983 quid
979 2910 1116 2982 prodesset
1133 2906 1244 2963 muudu-

462 3018 529 3077 ttnu,
544 3008 595 3063 nisi
618 3006 742 3063 Dontiuus
764 3006 800 3062 ibi
818 3015 899 3071 esset,
914 3004 948 3059 de
959 3018 1020 3077 ‘uua
1036 3002 1150 3057 dieitur:
1175 2999 1244 3053 bene

461 3105 530 3155 entm
542 3108 579 3154 ιιι
598 3099 641 3167 qui
654 3107 770 3168 operatur
782 3099 810 3151 in
829 3096 896 3152 robis
909 3104 933 3149 et
945 3094 1023 3161 telle,
1039 3106 1063 3148 et
1073 3093 1182 3164 operari,
1198 3107 1245 3162 pro

464 3189 529 3243 bona
544 3189 669 3243 nalmuate
682 3187 808 3260 (Philipp.
822 3202 859 3248 ιι,
874 3185 937 3257 l3)?
949 3185 1013 3239 Nam
1028 3184 1176 3238 mandamns
1187 3182 1246 3236 eine

463 3279 569 3333 ltomini
587 3278 717 3349 adjutorio
736 3278 821 3333 littera
841 3285 882 3332 est
895 3275 1017 3331 occidens
1033 3273 1064 3346 (ΙΙ
1077 3274 1134 3328 Cor.
1148 3289 1192 3337 ιιι,
1207 3272 1245 3342 d).

463 3370 522 3425 La
533 3371 596 3424 aaut
612 3370 774 3435 subintravit,
788 3377 815 3421 ιιι
827 3368 964 3422 abundaret
985 3367 1101 3420 delictam
1113 3364 1199 3435 (Rom.
1212 3379 1246 3427 v,

463 3460 525 3533 ΕΟ).
545 3460 596 3516 Seu
617 3460 738 3532 quoniam
762 3456 890 3530 plenitudo
912 3455 986 3528 Lepir
1004 3456 1113 3511 alteritas
1132 3464 1167 3510 ιιι
1192 3452 1247 3525 (tt.

464 3568 532 3618 xtu,
549 3550 607 3622 ΙιΙ),
621 3550 680 3605 ideo
693 3567 739 3620 per
751 3550 903 3605 charitatem
918 3548 972 3604 Len
986 3549 1118 3619 impletur,
1133 3563 1186 3602 non
1202 3563 1249 3617 per

467 3644 602 3696 timorem.
616 3639 730 3695 Citaritar
743 3640 807 3694 enim
821 3639 867 3694 liei
880 3636 974 3708 diffnla
985 3647 1021 3694 ιιι
1032 3641 1058 3692 in
1072 3639 1190 3695 cordibae
1201 3654 1250 3693 no·

467 3736 538 3801 atria,
562 3754 607 3809 per
626 3737 747 3808 Spiritum
762 3745 875 3791 sanctum
895 3735 938 3805 qni
956 3733 1030 3789 datae
1052 3742 1089 3788 ιιι
1110 3732 1180 3788 nobie
1194 3731 1247 3804 (ld.

467 3845 498 3896 r,
511 3828 549 3895 5).
564 3829 624 3884 ltleo
636 3829 757 3884 letantur
769 3826 826 3882 lone
839 3827 931 3881 millia.
945 3827 1058 3881 Tantum
1071 3825 1141 3880 enim
1154 3822 1251 3878 iaciunt

467 3919 595 3991 justitiam
610 3918 704 3988 Legis,
717 3910 842 3988 quantum
854 3917 1009 3986 adjuvantur
1029 3915 1127 3984 Spiritu
1140 3913 1250 3985 gratim

468 4009 592 4079 quoniam
608 4006 837 4073 Dominarinillir,
850 4008 876 4062 in
889 4006 964 4073 Sina,
977 4007 1112 4061 inuncto.
1259 4004 1277 4070 J

506 4100 551 4155 25.
571 4097 649 4173 [nera
663 4098 719 4172 19.)
740 4098 837 4154 Deinde
856 4097 989 4168 adipsum
1008 4097 1147 4151 Dominum
1170 4093 1246 4149 laeu·
1265 4081 1270 4098 “’

472 4191 544 4246 tione
555 4205 698 4245 eottversa:
711 4188 861 4252 Arratditti,
876 4189 971 4258 inquit,
983 4189 1010 4242 in
1023 4187 1113 4247 altam,
1122 4184 1253 4256 captivasti

472 4280 654 4350 captiuitatem,
675 4280 790 4352 accepisti
807 4281 874 4333 dona
892 4279 919 4332 in
938 4276 1087 4333 bominibus.
1108 4276 1164 4330 iloe
1181 4275 1253 4344 Apo-

473 4372 559 4427 stolus
571 4373 610 4426 sie
625 4380 825 4436 commemorat,
840 4371 879 4426 sie
892 4370 1000 4440 exponit
1011 4369 1046 4425 de
1060 4368 1169 4424 Domino
1181 4367 1254 4423 cliri-

473 4473 517 4518 etu
529 4462 638 4533 loquens
652 4482 659 4517 ε
675 4461 814 4532 Unicuique
832 4470 914 4514 autent
934 4471 1056 4524 nastrum,
1072 4460 1165 4530 iuquit,
1179 4458 1253 4512 datar

474 4553 558 4623 pratia
571 4553 706 4607 menradum
719 4569 860 4606 ntenanrant
873 4552 1015 4606 donationis
1023 4551 1136 4606 Chatti:
1153 4559 1254 4621 propter

474 4643 542 4712 quad
558 4643 629 4709 dicit,
645 4644 763 4699 Ascendit
783 4644 810 4697 in
823 4645 913 4709 altum,
928 4643 1061 4709 captivarit
1073 4643 1251 4712 captiuitatem,

475 4731 545 4785 dedit
562 4732 629 4787 dona
641 4734 790 4788 ltotninibur.
806 4732 880 4801 Quod
892 4742 975 4787 autem
996 4733 1117 4797 aroendit,
1131 4732 1192 4805 quid
1206 4742 1252 4797 ert,

476 4823 595 4893 rtieiqaia
608 4833 632 4879 et
650 4824 774 4879 descendit
794 4826 821 4878 in
842 4823 972 4895 inferiora
993 4833 1075 4892 parter
1095 4825 1186 4878 terrai
1206 4823 1255 4889 Qut

476 4915 614 4982 descendit,
627 4916 680 4985 ipre
690 4925 725 4969 ert
737 4925 760 4970 ιι
772 4918 816 4986 epti
827 4914 939 4969 aseendit
950 4930 1024 4984 super
1037 4931 1120 4969 annuet
1133 4914 1216 4979 eoeloe,
1227 4924 1255 4968 ιιι

476 5005 627 5071 adintpleret
640 5003 724 5060 antonia
739 5005 845 5076 (apta.
858 5021 894 5072 tv,
906 5004 991 5074 ild).
1003 5002 1108 5059 Christo
1121 5019 1185 5074 ergo
1198 5004 1255 5059 siue

476 5095 640 5151 dubitatione
653 5095 752 5150 dietum
766 5104 822 5150 est:
838 5094 978 5149 Ascendieti
988 5095 1015 5149 itt
1025 5095 1115 5158 altam,
1126 5094 1256 5165 captivanti

477 5187 655 5256 captiuitatem,
671 5186 787 5256 accepisti
805 5185 871 5239 dona
883 5187 910 5240 t'n
923 5187 1072 5242 bonualdus.
1086 5184 1141 5240 Nee
1152 5194 1257 5243 moveat

477 5275 550 5345 quod
561 5279 701 5347 Aposttttus
717 5278 786 5333 idem
795 5279 971 5334 testinnonium
979 5294 1191 5335 commemorans
1203 5295 1256 5334 non

477 5369 526 5433 ait,
541 5369 664 5440 decepisti
677 5369 743 5423 dona
757 5370 782 5423 in
794 5369 935 5424 bominibus
942 5386 953 5436 ,·
974 5370 1031 5437 sed,
1046 5369 1272 5446 detrimento.

478 5457 598 5513 nimbus.
617 5457 662 5512 ille
672 5459 768 5529 quiippe
780 5461 934 5528 auctoritate
954 5461 1097 5530 apostoliea
1111 5460 1256 5516 secundum
1276 5512 1278 5517 .

478 5549 532 5607 noo
552 5551 653 5606 loeutus
674 5562 723 5615 est,
737 5550 807 5621 quod
822 5550 893 5607 Deus
911 5567 971 5607 eum
985 5553 1077 5608 Patre¹
1092 5553 1184 5608 Filius.
1207 5552 1257 5608 Se·

477 5642 594 5698 eundum
613 5639 666 5696 hoe
684 5643 780 5713 quiippe
801 5642 869 5697 dedit
889 5645 955 5696 dona
977 5644 1128 5710 bominibus,
1151 5646 1257 5703 utittens

478 5730 520 5787 eia
530 5730 654 5802 Spiritum
669 5741 801 5797 sarnetum,
817 5735 860 5804 qui
874 5732 986 5802 Spiritus
999 5743 1040 5790 est
1054 5734 1138 5789 Patria
1151 5746 1177 5791 et
1186 5736 1256 5791 Filii.

478 5824 628 5880 &eundum
641 5823 705 5879 illud
719 5839 783 5879 vero
792 5824 862 5896 quod
877 5824 945 5881 idem
957 5826 1016 5896 ipse
1027 5824 1147 5883 Christus
1162 5829 1187 5882 iu
1199 5843 1259 5883 ear-

480 5929 546 5985 pnre
569 5928 619 5970 suo
640 5914 805 5986 intelligitur,
828 5915 897 5985 quad
921 5924 962 5971 est
988 5915 1122 5982 Ecclesia,
1150 5928 1259 5990 propter

480 6004 550 6075 quod
570 6016 598 6061 et
618 6007 735 6062 mentum
754 6008 812 6076 eius
836 6016 897 6062 sunt
917 6007 1000 6063 saneti
1022 6017 1049 6064 et
1071 6007 1162 6065 metes
1182 6011 1257 6082 epta:

513 6117 524 6153 Ι
538 6119 580 6171 tde
589 6121 614 6171 lu
625 6122 680 6172 aad.
691 6120 793 6184 aldum,
804 6121 859 6186 feeit
868 6132 877 6172 ε
885 6119 949 6185 quat
959 6133 974 6171 a
984 6127 1035 6173 ttrs.
1048 6122 1124 6174 abeat.

1293 2911 1373 2981 eapti,
1387 2921 1414 2967 et
1426 2913 1495 2982 capti
1509 2913 1568 2984 quia
1584 2913 1734 2984 sttbjngati;
1757 2915 1807 2968 sub
1828 2913 1886 2969 lene
1905 2912 1969 2968 illud
1983 2914 2073 2984 jugum

1293 3002 1367 3057 misi
1385 3003 1490 3075 (llattlt.
1502 3017 1540 3068 ιι,
1558 3002 1618 3074 50),
1639 3003 1741 3058 liberati
1764 3019 1778 3057 a
1798 3005 1992 3073 peccatoeujus
2006 3003 2073 3058 servi

1294 3103 1379 3157 uram,
1395 3101 1422 3147 et
1431 3092 1540 3162 justitia
1551 3092 1621 3148 serni
1639 3093 1700 3148 laeti
1718 3092 1794 3162 ettjus
1808 3093 1883 3147 liberi
1897 3102 1973 3148 eraut
1988 3092 2075 3162 (bont.

1295 3199 1331 3249 vt,
1346 3184 1401 3253 18).
1415 3184 1491 3241 Unde
1503 3194 1531 3239 et
1544 3185 1637 3255 ipsein
1651 3185 1703 3240 illis
1713 3193 1764 3252 est,
1779 3185 1822 3254 uui
1835 3184 1902 3238 dedit
1914 3183 1981 3238 dona
1994 3184 2076 3237 bonti-

1297 3275 1377 3337 nibut,
1396 3283 1423 3329 et
1439 3276 1536 3345 accepit
1549 3276 1617 3329 dano
1636 3276 1663 3329 in
1678 3275 1828 3329 bominibrr.
1854 3274 1968 3345 ideoque
1988 3274 2014 3328 in
2028 3273 2077 3327 istu

1297 3364 1458 3434 captivitate,
1475 3365 1502 3418 in
1524 3365 1573 3420 ista
1594 3366 1731 3430 servitute,
1746 3365 1772 3419 itt
1793 3366 1844 3419 isto
1862 3380 1950 3427 ιιιιιιι,
1964 3364 2013 3418 suit
2028 3357 2079 3417 isio

1295 3454 1359 3525 jugo
1372 3471 1423 3512 non
1436 3466 1497 3512 sunt
1506 3456 1587 3513 millia
1601 3456 1771 3525 plorantium,
1781 3455 1826 3518 sed
1839 3456 1919 3510 noillia
1930 3456 2076 3510 latentium.

1298 3546 1420 3602 Dominae
1434 3549 1529 3617 quippe
1543 3548 1570 3602 in
1584 3547 1645 3611 illie,
1656 3549 1682 3602 in
1694 3547 1768 3614 Sina,
1784 3548 1811 3601 in
1824 3557 1921 3602 taneto.
1931 3546 1979 3602 Cui
1989 3548 2079 3602 sensui

1298 3639 1420 3708 eortpruit
1429 3648 1456 3695 et
1469 3638 1519 3694 alia
1543 3638 1736 3710 interpretatio,
1747 3655 1798 3710 qtra
1817 3641 2004 3709 interpretatur
2017 3639 2079 3712 Sina

1299 3731 1434 3787 lleusura.
1453 3731 1518 3786 llum
1539 3735 1573 3787 de
1594 3733 1636 3786 liis
1647 3733 1724 3788 donis
1737 3733 1834 3788 lutitiae
1852 3734 1995 3802 spiritualis
2007 3737 2080 3801 Aptat-

1299 3823 1385 3877 stolus
1404 3821 1514 3892 iuquiens
1535 3823 1562 3877 id
1579 3823 1649 3893 uttotl
1669 3837 1747 3892 supra
1766 3824 1972 3878 eotumemoravi
1988 3841 1996 3877 ε
2014 3823 2080 3877 b'ni-

1300 3914 1389 3982 cuique
1400 3922 1481 3966 autem
1495 3922 1617 3978 nostram,
1631 3914 1725 3982 inquit,
1736 3912 1796 3966 data
1806 3922 1841 3967 eet
1853 3914 1934 3984 pratia
1946 3913 2081 3967 eecttttdttnt

1257 4045 1275 4065 .,
1300 4019 1442 4057 maumam
1454 4004 1595 4058 donationis
1605 4002 1709 4059 Citritti.
1723 4005 1762 4058 tle
1775 4002 1871 4058 deiude
1883 4004 2002 4072 seuttitur
2011 4003 2081 4073 quod

1300 4093 1379 4147 etiam
1400 4091 1442 4146 hie
1462 4094 1600 4161 sanamur:
1618 4092 1725 4163 Propter
1742 4093 1811 4162 quod
1831 4093 1901 4155 dicit,
1920 4092 2037 4147 doeendit
2056 4094 2082 4147 in

1301 4182 1390 4249 altum,
1403 4183 1534 4252 captivarit
1553 4184 1734 4253 captiuitatem,
1749 4183 1816 4238 dedit
1836 4184 1903 4238 dona
1924 4183 2082 4241 leontinibue:
2190 4207 2194 4217 ·

1301 4273 1371 4342 quod
1385 4272 1429 4327 hie
1441 4282 1493 4340 est,
1508 4275 1625 4344 acceptat
1638 4274 1706 4329 dano
1719 4275 1907 4330 intromittitur.
1920 4275 1987 4341 Quid
1999 4275 2048 4330 ltae
2057 4284 2084 4332 et

1301 4368 1346 4424 illa
1359 4367 1469 4423 veritate
1480 4368 1653 4424 concordius?
1664 4367 1726 4439 quid
1741 4367 1926 4424 manifestius?

1337 4458 1383 4514 at.
1402 4458 1453 4515 Sed
1466 4458 1529 4529 quid
1542 4458 1638 4515 deinde
1649 4459 1785 4530 adjungit?
1800 4457 1901 4514 Etenim
1913 4460 1957 4530 pai
1968 4476 2018 4515 uon
2032 4475 2085 4513 ere·

1302 4552 1365 4607 dant
1382 4551 1539 4618 intrabitare,·
1556 4553 1598 4608 vel
1619 4553 1690 4622 quod
1712 4553 1830 4608 nonnulli
1849 4553 1955 4608 codices
1976 4553 2082 4614 liabent.

1303 4640 1404 4697 litenint
1417 4659 1466 4696 nan
1481 4642 1606 4697 ardenter
1617 4642 1765 4697 irritabitare.
1778 4641 1844 4698 Nam
1860 4642 1924 4713 quid
1938 4653 1999 4698 suut
2012 4641 2084 4696 aliud

1304 4748 1355 4788 non
1368 4732 1517 4800 eredentes,
1532 4734 1582 4789 nisi
1597 4736 1641 4804 qui
1661 4749 1713 4790 uon
1733 4734 1864 4792 eredunt?
1888 4737 1924 4790 ile
1939 4736 2034 4806 quibus
2044 4732 2086 4788 di·

1304 4832 1374 4878 etum
1389 4825 1424 4879 sit
1445 4838 1497 4878 nott
1520 4833 1561 4878 est
1581 4824 1664 4880 lucilia
1683 4826 1840 4882 intellectus.
1856 4825 1991 4897 Tanquam
2014 4825 2085 4880 etnim

1305 4915 1373 4969 ratio
1394 4913 1548 4970 redderetur
1567 4916 1733 4986 superiorum
1750 4917 1901 4981 veniturum,
1913 4931 1972 4970 euru
1987 4915 2086 4970 dietum

1305 5012 1385 5073 esset,
1398 5003 1536 5076 captivasti
1548 5008 1727 5078 captiuitatem,
1743 5007 1860 5077 acoemeti
1877 5007 1945 5060 dana
1957 5006 1984 5060 in
2003 5005 2085 5060 leonn-
2171 5022 2176 5039 ⁴

1306 5099 1396 5165 nibem·
1410 5099 1445 5155 ita
1464 5099 1631 5170 subjunctum
1653 5110 1705 5164 est,
1728 5098 1828 5153 Etertim
1847 5099 1891 5170 qai
1911 5115 1962 5154 nan
1983 5099 2088 5153 aedunt

1306 5191 1454 5259 intrabitare,
1466 5191 1491 5246 id
1502 5201 1551 5256 est,
1563 5206 1616 5248 nou
1627 5190 1766 5247 eredentes
1779 5198 1808 5244 ut
1819 5190 2007 5248 inhabitarent.
2018 5191 2086 5260 Quid

1307 5293 1348 5339 est
1360 5283 1429 5339 boel
1442 5284 1476 5339 de
1488 5283 1645 5355 quibustuae
1658 5281 1741 5338 dicit!
1752 5283 1793 5336 alu
1807 5280 1850 5337 illa
1862 5283 1999 5353 eaptivitas
2011 5292 2087 5338 ante·

1307 5388 1385 5444 qttam
1409 5375 1532 5429 transiret
1553 5373 1579 5428 in
1601 5372 1697 5427 bonam
1719 5373 1908 5441 captivitatem,
1921 5373 1990 5430 unde
2010 5374 2088 5431 luerit

1308 5465 1375 5519 ntala
1388 5465 1526 5534 eaptivitas
1535 5461 1672 5518 ostendit?
1694 5461 1752 5517 Nan
1766 5463 1899 5518 eredendo
1915 5465 1987 5521 enim
2001 5466 2087 5535 possi·

1307 5554 1437 5611 deleantur
1448 5555 1483 5609 ab
1495 5554 1612 5620 inimico,
1624 5555 1667 5625 ptri
1679 5565 1798 5624 operatur
1818 5557 1844 5609 in
1856 5557 1916 5625 pliie
1929 5557 2086 5628 diffidentie,

1308 5650 1334 5704 in
1346 5648 1433 5715 auitas
1445 5657 1467 5701 et
1479 5647 1637 5718 nominauit,
1651 5647 1734 5716 inistis
1747 5649 1891 5716 aliquando,
1907 5667 1963 5705 cnm
1976 5650 2087 5703 vitaretis

1308 5741 1335 5794 in
1347 5740 1397 5794 iltis
1411 5737 1519 5812 (Epire.
1534 5753 1563 5804 u,
1583 5738 1609 5800 2.
1623 5737 1662 5809 d).
1685 5738 1767 5794 bonis
1780 5755 1843 5810 erpa
1854 5742 1947 5811 pratia
1966 5753 2030 5802 auur,
2041 5738 2087 5806 qul

1308 5831 1410 5902 accepit
1430 5830 1498 5884 dona
1521 5831 1547 5884 in
1562 5829 1711 5885 bominibus
1725 5832 1865 5902 captivavit
1885 5833 1961 5886 istam
1974 5827 2087 5899 captivi·

1309 5931 1399 5977 tatem.
1415 5921 1517 5976 Etenim
1536 5936 1589 5977 uon
1608 5921 1747 5977 eredentes
1766 5932 1842 5977 eraut
1858 5931 1887 5976 ut
1899 5919 2086 5976 inhabitarent.

1308 6015 1374 6072 uam
1388 6013 1454 6070 lldee
1466 6027 1512 6070 eos
1522 6013 1583 6069 inde
1595 6012 1742 6077 liberauit¹,
1754 6023 1782 6068 ut
1791 6015 1846 6083 jam
1858 6009 1995 6069 eredetttea
2009 6009 2085 6067 iulia·

1342 6129 1352 6164 ¹
1368 6128 1405 6181 sle
1413 6133 1451 6179 Et.
1463 6131 1489 6178 el
1500 6131 1552 6178 ltu.
1564 6131 1592 6176 ttt
1601 6130 1667 6188 iem,
1678 6120 1793 6176 lt'betttbt't.
