5025 6925
427 655 477 716 tat

424 776 545 831 carnales
555 776 674 848 patiebar
685 775 832 846 angustias,
845 777 936 833 eduxit
952 795 994 833 me
1008 779 1033 833 in
1044 780 1208 847 spirituatem

424 868 590 924 latitudinem
604 868 674 923 ttdei.
687 867 761 922 Brait
771 887 821 934 me,
837 872 954 938 quornm
970 872 1047 924 noluit
1061 889 1099 927 uu
1112 888 1120 924 :
1133 881 1209 925 artu·-

424 973 505 1029 quatu
528 959 600 1013 ittum
614 975 663 1029 ego
683 961 793 1025 sellem,
810 961 879 1014 eruit
901 978 944 1016 tue
956 962 990 1016 ab
1005 962 1118 1017 inimicis
1145 964 1210 1019 artois

423 1049 630 1119 potentissimis,
646 1052 692 1122 qui
706 1052 770 1106 mitri
789 1053 940 1108 invidebam
951 1055 1005 1125 jaut
1025 1056 1121 1110 solenti
1136 1072 1207 1121 euru,

422 1150 448 1195 et
462 1142 496 1196 ab
509 1142 550 1197 bis
559 1142 605 1213 qui
619 1144 734 1200 oderunt
744 1160 798 1212 nae,
810 1146 871 1217 qnia
887 1146 949 1202 uolo
961 1163 1033 1201 euru.

456 1231 502 1287 at.
514 1229 588 1307 [bers.
601 1233 659 1309 ,25]
675 1235 708 1289 Et
725 1238 842 1291 retribuet
855 1238 917 1291 nriiti
934 1236 1057 1292 Doctrinae
1071 1241 1209 1295 secundum

418 1321 544 1395 iustitiam
552 1340 633 1379 uteona
645 1341 654 1379 .·
666 1334 693 1380 et
703 1326 831 1381 retribuet
843 1327 908 1381 uribi
922 1328 1049 1382 Dominus
1064 1330 1208 1384 secutrduut

420 1413 551 1485 iustitiam
564 1416 640 1473 borrae
659 1419 812 1486 uoluntatis,
826 1420 869 1490 qui
885 1421 958 1490 prior
973 1422 1083 1491 pnnbuit
1102 1421 1203 1476 nriseri-

419 1506 548 1575 cordiam,
573 1520 713 1581 antequam
726 1511 859 1567 'traberent
876 1512 972 1567 bonam
987 1514 1158 1570 voluntatem.
1173 1513 1208 1569 b't

419 1600 559 1653 seeundum
571 1603 705 1669 puritatem
721 1619 842 1657 manuum
863 1619 976 1657 acrearum
990 1606 1109 1660 retribuet
1122 1606 1185 1659 mitri
1198 1622 1208 1659 .·

419 1683 602 1746 etsecundum
624 1693 765 1763 puritatem
781 1693 910 1749 laetorum
930 1710 1049 1750 meorum
1078 1697 1207 1752 retribuet

418 1780 495 1849 mibi,
506 1782 550 1854 qui
564 1784 655 1839 tribuit
668 1784 732 1839 mitri
748 1795 777 1839 ιιι
790 1785 858 1840 bene
870 1784 996 1852 lacerem,
1012 1785 1150 1842 educendo
1162 1801 1205 1842 rne

418 1874 444 1929 in
457 1875 594 1931 latitudine
608 1876 678 1931 balei.

452 1965 497 2019 22.
519 1955 592 2039 [cers.
607 1966 665 2040 22]
679 1968 745 2035 Quin
764 1970 887 2023 custodivi
903 1972 955 2024 uias
970 1970 1088 2027 Domini:
1104 1981 1133 2027 ιιι
1145 1973 1205 2027 lati·

418 2056 481 2112 tudo
496 2058 504 2090 ¹
520 2057 649 2113 bonorum
660 2074 782 2128 operum,
797 2075 857 2131 quan
867 2077 913 2130 por
928 2063 1006 2116 tidem
1022 2071 1093 2129 sunt,
1103 2073 1131 2118 et
1149 2064 1205 2119 Ιιιιι-

416 2147 557 2218 ganimitas
567 2149 756 2218 perseverandi
771 2161 959 2220 consequatur.
1181 2220 1183 2226 Ι

450 2237 494 2292 25.
518 2234 593 2310 [aens.
612 2236 669 2311 25]
694 2237 749 2292 Nec
765 2228 841 2309 inspic
852 2240 947 2308 gessia
973 2239 1024 2294 lico
1041 2258 1105 2295 nuo.
1133 2241 1205 2308 Qatn-

414 2326 483 2381 ninnt
507 2330 519 2360 ¹
544 2329 628 2382 amaria
649 2329 748 2400 jardiciu
775 2331 830 2392 eius
852 2330 878 2383 ιιι
905 2341 1037 2405 correpectu
1063 2348 1117 2385 tneo
1133 2344 1203 2387 ιιιιιι.

415 2415 541 2485 Quonam
565 2423 650 2476 outnia
669 2422 768 2493 judicia
793 2426 847 2495 ejus
881 2423 938 2478 :id
966 2434 1017 2489 est,
1046 2434 1073 2478 et
1097 2426 1205 2493 prataria

414 2511 554 2581 bustorum,
570 2521 597 2566 et
612 2528 703 2582 poenas
718 2514 869 2584 impiarum,
883 2523 910 2567 ct
920 2514 1021 2585 nagelta
1033 2514 1204 2585 corrigendo-

414 2620 483 2667 rum.
504 2614 531 2660 et
546 2607 704 2661 tentationes
725 2606 931 2676 probandorum,
946 2608 1125 2677 perseveranti
1140 2622 1204 2663 con·

414 2697 586 2767 temptatione
600 2696 752 2753 considero.
774 2697 808 2752 Ει
818 2698 933 2769 justitias
951 2700 1006 2769 ejus
1020 2716 1070 2753 non
1088 2699 1171 2769 repuli
1187 2718 1204 2754 ιι

414 2798 472 2843 ntc:
486 2788 556 2858 tqtrod
579 2788 678 2843 iaciunt
697 2789 852 2845 ttebcieutcs
866 2789 916 2845 sub
934 2791 1036 2845 sarcina
1051 2806 1161 2856 earum,
1176 2803 1204 2847 et

413 2888 580 2936 reuertuntur
593 2881 627 2937 ad
638 2882 764 2937 vomitum
781 2896 867 2937 strum.

446 2971 491 3027 at.
505 2970 538 3026 Et
551 2989 594 3027 ero
606 2973 782 3047 immaculatus
796 2989 851 3027 cum
864 2989 893 3027 eo
909 3016 917 3039 ,
930 2983 954 3027 et
967 2974 1101 3029 observabo
1114 2992 1154 3030 uu
1167 2975 1200 3030 ab

411 3063 542 3134 ιιιιιιιιιιιιιι
554 3081 619 3118 meu.

448 3152 494 3210 ἢ.
509 3153 585 3228 [bers.
599 3154 657 3227 25]
669 3153 703 3209 Ει
714 3155 832 3210 retribuet
854 3155 917 3208 utitri
927 3154 1052 3211 Dominus
1065 3156 1202 3210 usuardum

411 3245 535 3318 iustitiam
542 3262 623 3300 meam
634 3247 742 3315 :itaque
752 3260 805 3300 nou
818 3246 902 3300 solunt
918 3254 1027 3317 propter
1036 3246 1200 3302 latitudinem

377 3385 393 3419 θ
415 3336 490 3405 fidei,
502 3352 562 3408 quae
574 3353 621 3407 per
632 3336 936 3408 ditectionemoperatur
951 3335 1020 3406 (Gal.
1040 3353 1066 3405 v,
1094 3337 1140 3407 6),
1154 3339 1201 3394 sed

411 3431 491 3488 etiam
505 3440 613 3502 propter
626 3430 815 3502 longitudinem
839 3428 1059 3500 perseuerantiae,
1076 3431 1202 3487 retribuet

411 3523 477 3579 milri
492 3523 619 3578 Dominus
638 3522 783 3579 seeundum
796 3522 926 3601 iustitiam
949 3537 1046 3604 meam.
1065 3520 1098 3576 Ει
1110 3540 1202 3578 suun·

412 3612 475 3667 dunt
492 3613 626 3683 puritatem
640 3629 760 3667 nunaunt
778 3629 890 3666 meorum
911 3613 939 3666 in
959 3622 1093 3683 corrspectu
1114 3598 1200 3668 oacrio·

411 3705 548 3775 rumeins:
557 3720 608 3759 uon
619 3703 709 3774 quod·
723 3703 842 3758 trontines
853 3702 952 3766 rident,
961 3703 1008 3759 scd
1022 3703 1047 3757 in
1058 3716 1199 3773 conspeetu

411 3797 549 3854 oculorum
570 3797 638 3866 ejus.
656 3795 787 3864 Quoniam
812 3811 871 3865 quaa
892 3795 1031 3862 videntur,
1048 3796 1200 3865 terttporalia

411 3897 491 3954 sunt3
515 3902 574 3959 quae
587 3896 676 3942 autern
698 3901 751 3941 non
763 3886 895 3952 uidentur,
910 3898 1008 3943 actorrta
1031 3886 1065 3957 ut
1081 3886 1139 3942 Cor.
1154 3902 1198 3952 ιι,

412 3978 459 4048 tn)
470 3996 477 4033 ι
488 3993 542 4051 quo
559 3978 672 4050 pertinet
693 3976 804 4032 altitudo
820 3977 886 4046 spei.

447 4068 493 4126 26.
507 4068 590 4143 [uers.
610 4067 670 4142 26]
686 4069 749 4123 Cum
762 4078 849 4124 nancto
871 4084 973 4123 sanctus
984 4069 1032 4122 eris
1048 4078 1108 4123 :est
1119 4046 1199 4122 etiain

411 4162 515 4217 occulta
538 4161 721 4232 profunditas,
749 4176 800 4229 qua
835 4160 989 4230 intelligeris
1020 4176 1079 4214 curn
1106 4169 1198 4215 sancto

411 4261 529 4315 sanetus.
551 4253 611 4322 quia
634 4264 661 4307 tn
686 4251 844 4306 sartctibeas.
866 4248 901 4305 Et
923 4267 979 4304 curn
996 4251 1048 4306 uiro
1069 4251 1200 4305 innocente

411 4341 531 4396 innocens
555 4343 605 4395 cris
619 4358 629 4396 .·
641 4343 702 4412 quia
713 4352 740 4397 tu
751 4343 816 4396 nutli
831 4357 922 4406 noces,
933 4341 980 4397 sed
991 4343 1124 4428 criniculis
1134 4358 1198 4412 pec-

410 4444 531 4490 catorum
557 4448 666 4488 suorum
693 4435 872 4504 uniusquisque
893 4432 1082 4505 ootrstriugitur
1099 4432 1197 4506 (Pron.

412 4543 440 4594 u,
454 4525 518 4599 22).

340 4636 349 4655 ·
447 4619 493 4676 27.
517 4617 591 4692 [bers.
603 4615 662 4690 27]
674 4615 708 4671 Et
721 4633 776 4672 curu
795 4619 873 4674 eleeto
890 4619 980 4674 electus
993 4618 1041 4672 eris
1058 4634 1067 4670 :
1080 4627 1108 4672 et
1120 4618 1153 4671 ab
1165 4634 1198 4672 eo

410 4727 490 4784 quem
516 4710 612 4784 nipe,
636 4708 754 4781 eligeris.
779 4709 814 4763 Et
837 4727 894 4764 cunr
923 4726 1037 4781 peruersa
1069 4725 1198 4778 pervasus

390 4829 394 4841 ·
411 4807 462 4862 eris
471 4803 545 4878 tall:
560 4814 656 4858 etcum
664 4814 787 4871 perverso
795 4799 892 4855 sideris
906 4815 1044 4869 perversus
1056 4816 1062 4852 ε
1074 4799 1197 4869 quostiam

414 4895 515 4958 dicunt.
532 4892 592 4948 Non
610 4899 727 4947 ostreata
740 4890 780 4944 ain
798 4889 902 4943 Doctrini
915 4889 1022 4960 (direci.
1038 4905 1111 4955 autu,
1124 4889 1176 4959 25)
1188 4906 1195 4942 :

411 4993 439 5039 et
448 4984 564 5053 ipsorum
575 4984 616 5038 via
631 4998 683 5037 non
698 4990 833 5036 ostreata.

446 5072 493 5128 28.
504 5071 579 5145 [uero.
591 5070 649 5145 28]
663 5071 787 5138 Quoniam
801 5079 828 5122 tu
842 5068 961 5138 poputum
971 5067 1090 5121 truntitem
1101 5069 1197 5122 antonna

413 5163 497 5234 facim
511 5163 567 5218 ttae
579 5174 667 5218 autent
681 5176 834 5232 perversum
850 5159 955 5214 uidetur
969 5160 1110 5229 peruersis,v
1126 5161 1196 5227 quod

411 5251 568 5311 torriteutes
581 5262 686 5323 peccata
698 5268 745 5308 sna
760 5253 848 5308 saltos
867 5250 958 5306 iacies.
972 5247 1006 5303 Et
1018 5249 1103 5304 oculos
1112 5267 1197 5319 usper-

412 5345 498 5398 borunt
526 5343 695 5397 ιιιιιιιιίιιιιιιι.Ι
720 5344 872 5414 ignorantes
893 5350 981 5396 autem
997 5340 1042 5394 ttei
1056 5340 1194 5410 justitiam,

412 5443 441 5491 ot
452 5449 527 5490 suam
546 5433 665 5490 sistentes
682 5431 951 5507 constitueremus.
966 5447 992 5498 ι,
1003 5429 1038 5503 5)
1051 5474 1059 5498 ,
1072 5430 1195 5486 bumilia-

411 5525 465 5582 bis.

432 5613 479 5670 29.
486 5609 625 5687 [55529]
636 5611 761 5680 Quoniam
768 5621 796 5666 ιιι
805 5611 959 5669 illuminabis
967 5613 1094 5668 lucernam
1104 5631 1194 5683 ιιιειιιιι,

413 5736 453 5799 ibt
464 5745 589 5796 nodutim
601 5737 663 5803 nes,
679 5742 874 5795 ruuuunutanu.

442 5809 453 5842 ¹
465 5815 489 5858 ta
500 5808 566 5865 ab..
577 5805 792 5867 unanimantem
802 5818 895 5870 remur
906 5817 915 5858 :
926 5819 981 5871 qaae
993 5820 1051 5868 ror,
1070 5821 1195 5872 aarum

410 5867 517 5921 neuma
525 5874 588 5919 uolae
600 5875 651 5918 ttss.
665 5875 689 5917 et
701 5881 714 5916 a
724 5873 804 5917 cram
815 5867 891 5917 ab&

442 5933 528 5988 ’torn
541 5939 589 5981 ,ton
600 5942 653 5991 qrto.
665 5930 749 5978 (laeteri
759 5927 822 5984 litut.
832 5936 880 5977 tion
891 5929 964 5991 quod.
1010 5988 1015 5999 Ι

442 5993 576 6055 ‘madunt
590 6001 640 6041 tiss.
665 5999 690 6040 ιῑι
702 6003 756 6040 carm
766 6001 876 6052 umaro
884 5989 1035 6040 mimum.

383 6070 387 6078 ·
412 6055 479 6166 ὦ.)
491 6055 626 6165 neu-vesi
638 6027 667 6103 ir
679 6045 811 6116 exuretur
823 6052 922 6102 nsua.
937 6052 995 6102 na.
1009 6063 1104 6112 xmus
1120 6053 1155 6114 u,
1167 6059 1194 6104 u

465 6128 628 6181 anun„

1038 664 1067 721 S.
1088 664 1268 721 ubutsttn't
1288 669 1436 728 ut’tscotu

2001 687 2056 743 752

1266 780 1372 839 Dotrrine
1389 790 1530 858 :quoniam
1546 808 1596 846 nnn
1610 795 1752 853 esttamen
1774 808 1890 856 taratrum
1903 815 1935 857 er
1951 806 2054 869 nubas:

1264 872 1310 928 sed
1331 883 1358 929 tn
1371 877 1531 935 illuminabis
1553 883 1685 940 lucarnam
1714 902 1810 955 aream,
1833 890 1951 947 bomine.
1982 892 2056 949 nen·

1263 979 1342 1028 meur,
1350 966 1509 1023 illuminabis
1531 973 1643 1028 tenebras
1666 992 1732 1030 arcus
1747 992 1757 1030 :
1771 992 1820 1032 nos
1839 980 1908 1033 enim
1934 983 2055 1051 peccmb

1265 1056 1364 1111 nastris
1378 1060 1494 1115 tenebrae
1513 1078 1619 1128 sttrttns;
1633 1065 1690 1130 sed,
1707 1067 1778 1123 Deus
1789 1084 1874 1135 utens,
1889 1070 2055 1131 illuminabis

1264 1147 1385 1201 tenebras
1400 1164 1480 1204 uaeas.

1297 1238 1341 1291 50.
1357 1236 1431 1310 [nere
1450 1240 1506 1314 50]
1523 1242 1648 1309 Quoniam
1670 1265 1686 1299 a
1711 1259 1734 1302 te
1757 1267 1834 1304 uuor
1853 1268 1869 1305 n
1890 1255 2056 1310 tentatione:

1261 1328 1384 1392 quoniam
1396 1344 1447 1384 non
1461 1345 1475 1385 a
1489 1348 1542 1393 tue.
1556 1334 1629 1389 seda
1646 1346 1671 1390 te
1680 1353 1786 1393 eruara
1808 1344 1961 1399 tentatione.
1975 1344 2009 1399 Et
2025 1350 2055 1400 in

1262 1417 1315 1473 Deo
1337 1438 1391 1477 traco
1415 1424 1584 1494 transgrediar
1602 1444 1724 1484 murum:
1743 1442 1770 1486 et
1782 1448 1833 1487 nou
1845 1434 1938 1501 inme,
1953 1438 2000 1491 sed
2025 1440 2052 1493 in

1261 1510 1315 1566 Deo
1329 1527 1389 1567 tneo
1410 1514 1587 1585 trattsgrediar
1602 1532 1706 1572 murum
1719 1562 1727 1585 ‚
1741 1536 1818 1587 quotu
1833 1524 1901 1579 inter
1928 1524 2053 1583 ttomines

1259 1610 1287 1655 et
1299 1602 1432 1659 ooetestem
1451 1604 1597 1661 ierusalem
1612 1620 1718 1679 peccata
1732 1624 1904 1672 erexerunt..
1967 1671 1970 1679 ,

1294 1695 1339 1748 at.
1354 1693 1427 1767 [uera.
1442 1696 1498 1771 55]
1510 1696 1579 1755 Deua
1592 1718 1672 1768 meus,
1695 1703 1855 1759 imutnculuta
1868 1718 1904 1761 est
1918 1708 2025 1775 uiaep'ua
2041 1727 2051 1764 :

1261 1782 1329 1837 betas
1342 1802 1416 1841 rrteus
1438 1804 1489 1842 ιιοιι
1503 1793 1575 1846 verrit
1588 1792 1614 1848 in
1640 1792 1771 1858 trontines,
1782 1796 1843 1865 nisi
1864 1793 2052 1858 mundaverint

1259 1873 1328 1928 uiam
1344 1876 1403 1930 ltdci
1417 1892 1468 1947 qua
1483 1881 1570 1935 ueniat
1594 1882 1627 1936 ad
1648 1898 1714 1948 eos;
1735 1886 1796 1955 quia
1824 1886 1991 1945 immaculata
2006 1901 2051 1948 est

1258 1965 1299 2017 ria
1311 1965 1377 2034 ejus.
1391 1965 1501 2038 Eloquia
1517 1968 1616 2025 batarini
1626 1973 1684 2042 ique
1696 1975 1837 2029 enoratinato
1851 1992 1861 2031 .·
1873 1977 1976 2048 etoquia
1989 1980 2048 2035 Do·

1257 2055 1321 2109 ruini
1338 2055 1398 2125 igne
1421 2059 1596 2115 tribulationis
1619 2062 1774 2132 probantur.
1795 2064 1925 2122 Protector
1938 2079 1975 2123 eet
1989 2086 2048 2123 onr-

1257 2144 1327 2197 niunr
1346 2148 1501 2216 sperantium
1522 2148 1552 2203 ιιι
1560 2168 1587 2205 sc
1600 2166 1610 2205 .·
1621 2161 1649 2207 et
1661 2168 1755 2209 ornnes
1768 2156 1812 2225 qui
1827 2172 1879 2211 nan
1892 2158 1918 2212 in
1938 2160 2046 2229 seipsis,

1256 2235 1303 2289 sed
1321 2236 1346 2289 iu
1365 2237 1411 2291 itto
1426 2249 1544 2309 sperant,
1567 2242 1660 2298 eadem
1685 2245 1855 2304 tribulatione
1870 2263 1922 2304 non
1946 2266 2048 2307 consu·

1256 2338 1381 2396 narrantum
1395 2345 1457 2400 spes
1467 2334 1536 2388 eninr
1550 2336 1668 2406 sequitur
1683 2336 1771 2392 tidem.

1292 2418 1335 2473 52.
1347 2417 1421 2492 [vers.
1429 2421 1486 2494 52]
1497 2423 1621 2489 Quoniam
1633 2427 1690 2495 quis
1698 2426 1776 2491 tiene,
1788 2439 1879 2499 prater
1888 2430 2046 2489 ttourinurn?

1255 2512 1298 2567 eni
1312 2518 1450 2570 servimus.
1465 2513 1501 2569 Ει
1513 2518 1568 2585 quir
1585 2517 1653 2573 Deus
1666 2532 1757 2590 prater
1768 2520 1849 2580 ileum
1867 2535 1980 2579 nostrum
1991 2528 2005 2580 ‚⁹
2018 2537 2047 2583 ot

1255 2603 1314 2672 quis
1335 2603 1404 2659 iteras
1424 2615 1521 2673 prater
1540 2607 1691 2675 Domitium,
1707 2627 1786 2681 quern
1797 2612 1961 2683 postbonana
1986 2630 2046 2671 ser·

1255 2694 1375 2758 vitutem,
1390 2704 1513 2773 tanquam
1533 2698 1714 2756 trrereditatem
1736 2714 1868 2773 speratam
1890 2704 1935 2760 tttii
1950 2708 2040 2777 possi·

1254 2785 1395 2841 debimust

1290 2878 1334 2933 55.
1350 2876 1425 2951 [cers.
1438 2879 1500 2955 55]
1513 2880 1582 2935 Deus
1595 2883 1638 2953 qui
1653 2885 1785 2954 praciunit
1797 2903 1835 2942 nae
1845 2888 1932 2942 uirtute
1947 2904 1956 2943 .·
1971 2890 2045 2946 Deus

1253 2967 1298 3037 qui
1311 2983 1355 3022 nte
1377 2969 1513 3037 praecinxit
1534 2981 1563 3025 ut
1575 2971 1650 3029 tortis
1662 2974 1722 3037 siut.
1752 2991 1786 3031 ne
1801 2977 1950 3034 dittluentes
1969 2980 2044 3037 sinus

1253 3057 1404 3128 cupiditatis
1415 3060 1559 3131 impediant
1581 3079 1662 3135 opera
1682 3075 1708 3120 et
1727 3081 1833 3135 gresstn
1846 3084 1930 3125 meos.
1946 3068 1979 3124 Ει
1994 3088 2043 3141 po·

1252 3149 1303 3202 suit
1318 3149 1506 3206 immaculatam
1519 3153 1584 3208 uiam
1603 3171 1683 3209 areant
1692 3172 1702 3210 .·
1711 3159 1835 3226 etposuit
1847 3160 2043 3218 irrumacutatam

1254 3240 1322 3294 riam
1336 3242 1482 3309 claritatis,
1497 3259 1548 3314 iqua
1562 3245 1594 3299 ad
1606 3245 1678 3300 illunt
1693 3248 1795 3303 tertiam
1806 3290 1813 3312 ‚
1826 3250 1895 3306 sicut
1909 3252 2039 3309 imntacn·

1253 3327 1305 3384 tata
1318 3340 1358 3385 est
1369 3330 1440 3397 ddei,
1452 3349 1503 3403 qua
1515 3335 1584 3389 venit
1597 3336 1692 3390 adme.

1288 3422 1332 3478 at.
1351 3420 1431 3497 [uera.
1445 3421 1509 3496 55]
1536 3425 1584 3494 Quoi
1607 3428 1711 3498 perierit
1734 3428 1808 3498 perles
1833 3446 1900 3485 aracos
1921 3442 2043 3505 tauquaur

1251 3513 1318 3566 cerui
1332 3527 1341 3566 :
1355 3514 1398 3583 qui
1411 3515 1520 3583 pertenit
1532 3531 1649 3572 amorem
1665 3534 1764 3584 trucum,
1779 3520 1811 3572 ad
1828 3524 2038 3580 transcendenda

1252 3602 1397 3670 spinosaet
1418 3604 1542 3661 umbrosa
1564 3607 1757 3678 implicamenta
1780 3611 1857 3681 liujus
1882 3615 1981 3669 sacnti.
2008 3615 2041 3670 b't

1251 3710 1327 3765 super
1340 3697 1438 3752 enacim
1459 3707 1549 3753 statuet
1568 3716 1630 3755 aare:
1651 3711 1678 3756 et
1692 3719 1771 3773 super
1784 3705 1920 3760 coetestem
1936 3707 2040 3762 babita-

1252 3785 1350 3842 tianem
1371 3786 1434 3858 tigct
1458 3788 1629 3846 intentionem
1650 3809 1756 3858 sumtu,
1772 3804 1800 3849 ut
1814 3795 1924 3866 implear
1938 3799 1964 3854 in
1979 3813 2041 3854 orn·

1252 3891 1313 3931 uem
1327 3876 1517 3947 plenitudinem
1532 3881 1577 3937 ttei
1591 3880 1600 3953 (
1612 3880 1707 3964 Epiros.
1722 3901 1760 3949 ιιι,
1777 3885 1811 3941 ta
1824 3888 1844 3956 t.

1287 3967 1332 4024 55.
1347 3967 1422 4040 [uera.
1436 3968 1493 4043 55]
1508 3970 1557 4039 Qui
1570 3973 1640 4027 docet
1653 3992 1742 4029 atauus
1755 3993 1822 4031 mear
1832 3979 1866 4031 nd
1879 3981 1994 4047 pretium
2008 3985 2037 4034 ¹:

1250 4058 1296 4128 qui
1319 4059 1398 4115 docet
1420 4076 1462 4117 nte
1483 4063 1590 4132 operari
1613 4063 1646 4118 ad
1671 4067 1835 4137 superandos
1850 4069 1979 4136 inimicos,
1993 4074 2038 4143 qni

1251 4148 1329 4203 nubis
1343 4150 1520 4208 intercludere
1541 4153 1657 4209 colostra
1680 4171 1760 4226 negata
1782 4167 1920 4215 conantur.
1937 4159 1969 4214 Et
1990 4179 2037 4232 po·

1250 4240 1323 4295 suisti
1334 4252 1360 4294 ut
1370 4258 1457 4295 orcum
1470 4257 1562 4297 meum
1575 4243 1741 4300 broctriouteu
1753 4258 1800 4302 :et
1814 4250 1923 4318 posuisti
1946 4250 2038 4306 iulati-

1250 4335 1362 4404 gabitern
1377 4335 1549 4391 intentionem
1563 4337 1690 4392 ttonnrum
1704 4354 1813 4408 operum
1835 4356 1964 4397 meorum.

1286 4426 1330 4482 55.
1346 4424 1421 4500 [uera.
1448 4426 1505 4502 56]
1518 4427 1553 4482 Et
1565 4429 1655 4484 dedisti
1673 4432 1734 4484 ιιιιιιι
1748 4434 1924 4502 protectionem
1949 4435 2038 4492 utino

1249 4533 1311 4571 uteru
1324 4518 1353 4582 ¹,
1368 4529 1391 4573 et
1400 4519 1502 4572 dextero
1514 4529 1558 4572 tuo
1567 4522 1674 4591 srtscepit
1686 4537 1744 4576 tate:
1758 4532 1784 4578 et
1798 4521 1871 4578 latvor
1881 4527 1971 4596 gratian
1986 4537 2038 4582 tuae

1249 4609 1365 4676 suscepit
1388 4625 1440 4663 ure.
1466 4608 1498 4662 b't
1511 4611 1646 4680 disciplina
1660 4622 1702 4665 tua
1727 4629 1765 4667 ιιιε
1777 4613 1867 4668 direxit
1890 4618 1915 4667 in
1935 4617 2037 4682 firrcrn:

1249 4711 1276 4753 et
1295 4700 1428 4767 correptio
1448 4709 1491 4754 tua
1513 4717 1555 4755 ane
1575 4701 1682 4758 deviare
1695 4718 1748 4758 ιιιιιι
1763 4705 1852 4759 sinens
1874 4704 1979 4771 direxit,
2008 4718 2036 4762 ut

1248 4788 1375 4859 quidquid
1387 4806 1445 4860 sagn,
1463 4791 1489 4845 in
1511 4807 1570 4847 eum
1586 4795 1664 4851 tinem
1680 4794 1804 4860 reseram,
1824 4813 1876 4867 quo
1887 4798 2036 4855 calcaretur

1249 4882 1306 4937 tibi.
1321 4881 1354 4934 Et
1373 4883 1506 4956 disciplina
1519 4895 1561 4938 tua
1573 4886 1628 4956 ipso
1648 4904 1686 4941 atre
1700 4887 1817 4942 docebit:
1832 4898 1858 4945 et
1871 4890 1962 4945 eadem
1975 4906 2035 4946 eor·

1248 4971 1334 5042 reptio
1348 4982 1390 5026 tua
1416 4990 1459 5030 nto
1471 4975 1576 5030 docebit
1591 4978 1727 5046 peruenire
1740 4994 1792 5049 quo
1805 4963 1910 5035 diresit.

1288 5062 1333 5116 57.
1352 5059 1425 5134 [uteru
1438 5062 1494 5136 57]
1513 5064 1631 5120 [titulasti
1640 5084 1739 5137 pressus
1749 5070 1906 5125 nreosrubter
1921 5086 2035 5128 arrernea

1249 5152 1392 5225 impedient
1406 5156 1525 5211 cantatos
1542 5159 1689 5227 uirginum:
1709 5160 1834 5229 qnoniam
1850 5161 1928 5215 tautam
1949 5162 2033 5218 iecisti

1247 5242 1403 5299 ebaritatern
1415 5260 1501 5299 meam
1515 5256 1667 5314 operantem
1684 5247 1813 5313 latiariter,
1827 5251 1907 5305 etiam
1920 5252 1953 5306 de
1966 5252 2032 5322 ipsis

1247 5346 1307 5402 quae
1320 5332 1411 5388 subter
1434 5349 1477 5388 nte
1497 5344 1559 5388 sunt
1580 5337 1734 5391 tranctatibus
1758 5339 1837 5394 rebus
1859 5342 2033 5398 ctrrtenrtuis.

1249 5419 1282 5475 Et
1293 5432 1413 5477 uonrunt
1424 5424 1551 5492 irrfirntata
1564 5427 1733 5497 vestigiorum
1745 5444 1754 5483 .·
1771 5440 1797 5484 et
1811 5446 1862 5486 non
1878 5443 1937 5485 sum
1959 5434 2034 5488 iulu-
2054 5481 2060 5494 ,

1247 5523 1329 5578 mata,
1344 5514 1400 5568 sive
1421 5515 1514 5570 itinera
1529 5531 1585 5571 tuen
1599 5558 1606 5583 ‚
1621 5518 1677 5573 sive
1691 5520 1765 5590 sigua
1786 5537 1844 5591 qne
1866 5522 1986 5589 iaupreesi
2001 5525 2035 5579 ad

1248 5603 1404 5659 imitandum
1418 5607 1599 5676 sequentibus.

1282 5695 1327 5754 58.
1344 5694 1419 5770 [nera.
1445 5696 1509 5772 58]
1535 5698 1677 5773 Persequar
1694 5704 1807 5758 inimicos
1824 5721 1900 5767 areos,
1919 5717 1943 5759 et
1967 5723 2035 5758 corrr-

1279 5869 1352 5918 ιιιιιι.
1364 5868 1422 5938 duo.
1433 5866 1458 5918 iu
1474 5869 1593 5930 nuntium.
1611 5871 1652 5921 ulii
1669 5872 1789 5938 plerique,
1809 5875 1834 5925 iu
1854 5875 1946 5934 praetio.
1968 5884 2033 5938 apuu
2064 5898 2068 5906 «

1246 5935 1302 5981 txx
1315 5938 1354 5979 est
1363 5941 1398 5980 ιιι
1408 5929 1523 5992 nomn.

1279 5993 1289 6024 ¹
1300 5993 1337 6040 sie
1348 5990 1422 6041 editio
1430 5998 1483 6039 ιιιι.
1493 6002 1519 6042 et
1530 5991 1708 6044 tuetiorisuotre
1718 6001 1769 6046 tte.
1785 6005 1811 6047 ιιι
1822 6004 1857 6046 tr.
1868 6006 1893 6048 ct
1902 6007 1956 6047 mtto
1967 6005 2032 6048 ttss..

1247 6051 1329 6102 tatutis
1341 6059 1389 6102 tntu
1402 6065 1492 6117 :quam
1505 6053 1632 6104 tectionem
1645 6059 1744 6106 ttettneu
1763 6059 1911 6122 respondean
1932 6070 2033 6110 testatur

1249 6117 1412 6180 flieroupnaus,
1423 6116 1447 6165 iu
1459 6117 1528 6179 tritu.
1538 6116 1592 6179 555,
1604 6117 1633 6168 ad
1644 6120 1745 6169 sutuun.
