5025 6925
401 791 403 796 -
428 758 468 813 ts
1143 745 1333 834 onerario.
2017 748 2053 807 r,

424 868 583 933 remittere,
595 866 659 921 beati
670 868 801 939 Augustini
814 867 959 938 reporreutir
975 865 1127 937 trigesimum
1140 871 1237 917 aarum
1254 862 1379 931 psalmum
1393 857 1563 931 disputatione
1576 862 1756 929 commoratur,
1771 861 1898 933 publicare
1915 880 1988 918 auam
1999 876 2053 921 rtr-

425 962 799 1031 animumanimumum
809 960 919 1013 lrabitum
928 958 1002 1028 (Cap.
1016 958 1054 1019 b).

463 1048 539 1115 Quod
552 1049 615 1104 redo
630 1049 662 1103 :td
683 1050 804 1119 plebem,
819 1048 893 1117 cuius
905 1062 983 1103 aures
1002 1046 1146 1117 implebant
1158 1059 1296 1102 sermones
1310 1045 1346 1100 iili
1360 1045 1477 1099 Pastoris
1494 1045 1533 1099 sui
1554 1046 1657 1101 lerrnrc
1675 1047 1774 1101 incitati
1787 1056 1814 1102 ct
1827 1048 1901 1119 quasi
1921 1048 2042 1116 animati,

426 1141 499 1196 baud
511 1156 580 1211 aegre
591 1140 747 1195 adducimur
760 1150 788 1196 ιιι
799 1140 937 1195 credamus
951 1154 1010 1195 eam
1023 1138 1174 1209 irequcnter
1185 1137 1237 1195 iliis
1250 1136 1364 1204 motibus
1377 1143 1478 1205 raptam
1493 1133 1589 1203 irrisae,
1603 1152 1669 1206 quos
1687 1152 1873 1208 nonnunquam
1886 1140 1940 1192 suis
1954 1138 2049 1208 plausi·

426 1232 477 1286 bus
489 1230 620 1301 signiticat
634 1249 640 1285 :
655 1232 729 1299 cujus
741 1231 846 1301 quidem
861 1230 944 1300 plebis
964 1228 1081 1284 ariditati
1095 1227 1242 1285 releremiae
1255 1237 1317 1283 sant
1330 1237 1446 1296 acceptas
1460 1234 1498 1281 tot
1519 1227 1629 1295 egregiae
1652 1229 1683 1280 ad
1705 1243 1792 1283 mares
1814 1227 1993 1283 informandos
2007 1228 2050 1283 di·

422 1324 595 1394 gressiones,
608 1322 634 1376 in
649 1336 714 1391 quas
727 1331 833 1378 muretus
846 1322 945 1376 Praesui
957 1321 1178 1392 opportunitatem
1190 1328 1284 1376 nactus
1297 1318 1456 1383 divertitur,
1469 1316 1689 1388 quemadmodum
1710 1334 1734 1370 ur
1749 1331 1797 1371 suo
1813 1317 1919 1387 prologo
1930 1317 1962 1371 ad
1978 1318 2050 1373 Psal-

423 1430 484 1470 mos
496 1422 569 1468 notat
580 1413 752 1475 Cassiodorus
767 1430 774 1466 t
790 1412 851 1467 Cum
870 1413 943 1467 nimir
953 1412 1038 1466 aridm
1050 1411 1176 1483 populor,
1190 1411 1293 1483 inquit,
1305 1410 1476 1464 ecciesiasticis
1487 1406 1593 1479 dapidus
1602 1407 1703 1476 capiere
1718 1409 1797 1479 cupit,
1809 1409 1947 1463 uecmrmio
1956 1410 2051 1487 fluenta

424 1520 478 1558 taur
491 1519 590 1575 mnpnoe
605 1503 789 1573 praedicationis
805 1504 936 1557 errauerit.

462 1597 535 1651 idem
548 1603 641 1650 auctor
653 1595 746 1650 eodem
771 1596 829 1651 loco
842 1603 923 1649 totum
938 1595 988 1648 boc
1000 1593 1137 1664 Augustini
1159 1594 1377 1648 commentarium
1390 1593 1417 1646 in
1439 1589 1552 1646 decadas
1574 1588 1654 1645 luisse
1675 1586 1841 1645 distributum
1866 1589 1950 1643 innuit
1975 1588 2049 1646 bisce

422 1689 514 1743 verbis
530 1705 537 1742 :
552 1686 615 1753 Quae
628 1686 689 1753 iile,
703 1686 797 1757 inquit,
808 1687 835 1740 iu
851 1686 957 1739 decadas
973 1685 1111 1753 quindecim
1120 1684 1266 1739 durabiliter
1276 1683 1416 1754 explicarit.
1428 1681 1508 1751 Cujus
1523 1682 1669 1751 partitionis
1684 1682 1821 1752 uestigium
1834 1681 1934 1736 nulium
1950 1681 1975 1733 iu
1991 1695 2049 1734 ma·

425 1778 569 1848 rauseriptis
583 1779 729 1847 reperimus
741 1819 749 1842 ,
763 1778 880 1847 exceptis
895 1777 992 1842 tribus,
1013 1792 1066 1832 uno
1078 1776 1191 1849 iolyano
1209 1776 1332 1832 Ecclesiae
1346 1775 1519 1841 parisiensis,
1535 1775 1579 1844 qui
1600 1774 1725 1829 itt-ironte
1740 1772 1856 1843 praten,
1871 1770 1966 1842 incipit
1985 1770 2049 1825 liber

423 1872 521 1926 decada
542 1871 637 1940 donriui
651 1869 812 1940 Arapurtiuia
836 1868 939 1923 Psalmo
952 1884 977 1934 r,
992 1868 1085 1924 Brutus
1098 1870 1152 1933 air,
1167 1885 1245 1939 arque
1260 1884 1300 1935 ιι,
1314 1876 1341 1924 et
1362 1866 1466 1922 duobus
1479 1865 1653 1929 Coibcrtiuis,
1669 1881 1782 1936 quorum
1803 1865 1871 1919 alter
1882 1863 2045 1921 enarrationi

423 1962 520 2033 psalmi
534 1959 724 2031 quadragesimi
746 1960 804 2015 bec
823 1958 928 2026 subdit,
950 1960 1014 2014 beati
1025 1958 1122 2013 Aurelii
1134 1960 1266 2031 Augustini
1279 1959 1388 2030 episcopi
1401 1958 1457 2027 {init
1470 1956 1565 2011 decada
1578 1958 1609 2012 de
1623 1958 1684 2011 libro
1699 1958 1790 2029 primo.
1805 1957 1878 2011 Alter
1892 1971 1957 2009 veru
1970 1970 2046 2010 conr·

425 2053 551 2125 pendium
572 2052 651 2105 totius
665 2052 753 2120 operis
764 2049 960 2120 complectens,
975 2064 1066 2105 sersus
1079 2048 1205 2119 quosdam
1221 2050 1247 2102 in
1268 2049 1354 2119 capite
1367 2049 1508 2104 uoluminis
1520 2043 1646 2111 exbibet,
1661 2048 1704 2119 qui
1721 2062 1783 2102 curn
1804 2049 2002 2118 prefationibus
2017 2062 2050 2103 ac

425 2148 522 2218 elogiis
533 2149 601 2204 inira
615 2149 725 2205 edendis
739 2148 825 2204 locorn
840 2147 971 2213 babeant,
985 2163 1036 2202 non
1049 2146 1182 2217 indignos.
1199 2146 1227 2201 ln
1238 2144 1279 2201 iris
1293 2155 1381 2202 autern
1392 2146 1478 2201 istlruc
1491 2146 1606 2216 pertinet
1616 2145 1639 2201 is
1652 2159 1745 2200 uersus
1759 2162 1766 2200 :
1814 2155 1815 2166 ¹

792 2265 839 2308 Ter
849 2258 930 2322 quinis
938 2258 1036 2309 decadis
1045 2257 1137 2322 grande
1148 2259 1247 2323 peregit
1256 2271 1326 2321 opus
1691 2323 1695 2330 Ι

424 2362 612 2420 Verumtamen
621 2379 680 2419 curn
691 2362 826 2419 Possidius
835 2362 1027 2417 distributionis
1045 2363 1174 2430 ejusmodi
1194 2377 1248 2418 non
1269 2362 1436 2425 meminerit,
1449 2377 1508 2416 cam
1522 2360 1659 2431 Augustini
1679 2368 1797 2430 tempore
1808 2359 1850 2413 uel
1861 2359 1935 2428 jussu
1951 2357 2047 2414 iactam

423 2454 552 2510 credibile
561 2470 615 2509 non
624 2462 674 2510 est.
687 2456 772 2524 Atque
786 2452 855 2507 idem
867 2451 934 2507 lortc
948 2453 991 2507 bic
1004 2453 1144 2517 acciderit,
1154 2452 1224 2523 quod
1235 2453 1267 2506 t.
1286 2452 1351 2506 bivii
1366 2452 1442 2514 libro,
1456 2467 1537 2520 quem,
1550 2460 1579 2505 ut
1592 2449 1734 2507 Petrarcba
1746 2450 1856 2521 epistola
1871 2449 1903 2503 ad
1916 2448 2047 2508 ioannem

424 2545 580 2600 boccacium
590 2545 728 2612 observat,
740 2546 767 2599 in
784 2558 868 2614 parrer
882 2560 944 2612 quar
955 2544 1061 2599 auader
1072 2553 1175 2609 rorant,
1189 2560 1239 2599 nau
1254 2544 1308 2614 ipre
1319 2543 1363 2614 qai
1375 2543 1474 2612 scripsit
1486 2583 1493 2607 ,
1508 2542 1551 2596 sed
1568 2542 1700 2606 foetidiora
1711 2542 1848 2614 leuandum
1858 2541 1932 2597 rcidit
1946 2541 2047 2613 ignaria

422 2635 520 2704 (Epist.
537 2637 631 2690 ianm.
644 2636 680 2691 22
692 2636 731 2691 uei
747 2635 803 2707 ii).

460 2726 603 2782 imiamus
612 2727 667 2798 jam
678 2727 712 2783 ad
726 2728 884 2798 precipuum
898 2735 990 2796 caput,
1004 2726 1108 2797 regulas
1118 2726 1314 2797 videlicetquas
1329 2727 1354 2781 in
1371 2725 1569 2795 interpretando
1582 2726 1697 2781 serravit
1711 2726 1883 2797 Augustinus.
1899 2725 1977 2781 liulta
1993 2725 2038 2781 iric

423 2827 515 2873 essent
527 2817 667 2875 observatu
678 2820 842 2892 necessaria,
858 2819 908 2874 nisi
928 2818 978 2874 boc
996 2828 1179 2890 argumentum
1202 2819 1314 2890 ipsemet
1332 2819 1425 2875 beatus
1445 2820 1541 2875 tinctor
1560 2821 1587 2874 in
1608 2819 1683 2876 libris
1699 2821 1733 2876 de
1753 2822 1876 2877 Doctrina
1891 2820 2047 2876 Christiana

422 2919 622 2979 pertractasset.
642 2910 869 2981 Primusiquidem
880 2910 951 2981 quod
963 2911 997 2966 ad
1009 2912 1123 2967 litteram
1138 2919 1255 2982 spectat,
1271 2905 1299 2966 ut
1314 2926 1372 2967 earn
1383 2912 1511 2981 integram
1523 2923 1605 2981 atque
1623 2912 1750 2967 illibatam
1765 2912 1878 2977 babeat,
1900 2927 1959 2982 quaa
1970 2927 2041 2982 prar-

422 3012 502 3071 cepta
516 3004 570 3059 illic
582 3003 675 3069 tradit,
691 3017 723 3060 ea
737 3019 785 3075 pro
797 3018 844 3059 sua
856 3003 926 3059 ririli
939 3004 991 3059 boc
1003 3004 1030 3059 in
1043 3004 1233 3060 commentario
1246 3004 1375 3075 sequitur.
1390 3003 1497 3059 Latinas
1509 3003 1639 3058 editiones
1649 3005 1719 3059 inter
1737 3019 1766 3059 se
1784 3000 1935 3072 componit,
1951 3019 2043 3058 excru-

424 3094 508 3164 piaria
521 3112 607 3167 graeca
618 3098 753 3164 consulit,
771 3097 871 3168 colligit
894 3098 980 3151 raria's
1004 3097 1149 3162 lectiones3
1172 3097 1305 3162 undenam
1325 3096 1460 3165 irrepserit
1473 3097 1624 3161 diuersitas,
1647 3111 1680 3150 ex
1694 3096 1866 3166 interpretum
1879 3095 1960 3159 uitio,
1973 3111 2005 3150 an
2028 3110 2046 3151 e
2139 3109 2142 3114 “

423 3197 512 3243 textus
526 3190 606 3259 graeci
617 3189 788 3261 ambiguitate
801 3190 941 3259 investigat
956 3207 963 3243 :
977 3189 1035 3259 ejus
1046 3188 1159 3258 denique
1170 3188 1215 3245 iila
1227 3189 1363 3254 sedulitas,
1377 3204 1428 3259 qua
1443 3197 1481 3242 tut
1495 3189 1576 3254 locos,
1585 3197 1638 3243 tarn
1656 3190 1734 3244 anxie
1757 3189 1898 3256 discussit,
1913 3187 1965 3245 buc
1980 3204 2043 3244 cunr

422 3282 548 3352 impulit,
560 3291 590 3336 ut
601 3283 757 3339 Psaiterium
768 3282 903 3339 multoties
916 3282 949 3336 ari
963 3282 1059 3337 idioma
1075 3281 1236 3337 bellenicum
1249 3291 1402 3339 recenseret
1414 3284 1616 3355 castigaretque.
1634 3285 1688 3340 iloc
1702 3286 1834 3355 inteiligas
1847 3286 1909 3340 licet
1922 3301 1955 3340 ex
1967 3286 2042 3354 eius·

421 3375 485 3430 dem
498 3374 533 3429 ad
544 3374 677 3432 Audacem
698 3376 826 3447 epistola,
840 3375 885 3431 ubi
898 3390 958 3431 cum
978 3374 1088 3430 dixisset
1106 3374 1265 3431 Psalterium
1279 3390 1294 3428 a
1309 3375 1386 3431 beato
1400 3375 1560 3446 Hieronymo
1582 3393 1614 3432 er
1629 3378 1735 3433 trebrmo
1747 3391 1870 3433 sermone
1880 3392 2039 3433 conuersum

424 3484 479 3522 non
494 3467 592 3525 babere
604 3482 646 3534 se,
661 3470 828 3540 prosequitur
842 3468 868 3524 in
883 3468 954 3524 bunc
968 3467 1096 3523 modurn:
1113 3466 1169 3523 Nar
1178 3476 1262 3522 autem
1274 3485 1325 3538 nou
1337 3469 1493 3540 interpretati
1502 3486 1604 3535 rumur,
1619 3469 1663 3525 red
1683 3470 1796 3524 codicum
1813 3470 1960 3525 Latinorum
1974 3486 2042 3525 uou-

423 3560 509 3615 urilra
521 3561 695 3617 mendositates
708 3578 739 3616 er
748 3563 835 3632 qroecir
847 3561 1029 3632 exemplaribus
1038 3560 1238 3615 emendarimus.
1255 3558 1329 3615 Unde
1340 3561 1455 3630 [ortaacir
1468 3561 1600 3631 [erenricus
1614 3562 1711 3632 aliquid
1721 3562 1877 3616 commodior
1887 3578 1962 3631 quarn
1975 3568 2041 3626 mat,

424 3670 477 3708 rrcr
487 3663 570 3708 turer
583 3654 633 3708 tric
643 3654 716 3722 quale
726 3669 780 3708 erre
789 3653 898 3708 debebat.
913 3652 982 3707 alam
995 3653 1070 3706 etiam
1083 3669 1160 3718 nunc,
1171 3666 1228 3720 quar
1241 3655 1306 3723 [orta
1319 3667 1364 3705 nas
1379 3662 1437 3705 tuuc
1450 3653 1638 3721 preterierunt,
1657 3654 1680 3708 ri
1694 3653 1801 3723 legenter
1811 3654 1946 3720 mouerint,
1962 3653 2043 3706 colla·
2123 3719 2125 3725 Ι

425 3748 461 3801 tir
473 3746 599 3801 codicilari
610 3746 770 3802 cucumores
784 3743 879 3818 (Epist.
891 3745 954 3811 aet,
969 3761 996 3798 n.
1009 3745 1048 3814 5).

349 3867 351 3871 .
459 3838 563 3893 l‘rirnur
575 3838 668 3893 littere
677 3852 772 3894 sensus
784 3837 915 3893 interdum
932 3836 999 3891 nibil
1012 3837 1146 3899 continet,
1162 3835 1213 3890 nisi
1228 3834 1356 3903 simplicis
1376 3849 1408 3889 ac
1420 3835 1561 3902 spiritualis
1575 3852 1582 3890 τ
1598 3844 1626 3890 at
1649 3836 1718 3891 idem
1747 3836 1844 3906 sepius
1856 3835 1956 3891 relatus
1969 3844 1997 3890 et
2009 3834 2043 3890 ii·

419 3940 533 4002 guratns
544 3938 596 3986 est
609 3930 737 4001 Tuncque
748 3944 811 3986 rere
826 3929 958 3984 amnnaro
976 3943 1134 3999 possumus,
1161 3925 1233 3997 quod
1248 3936 1290 3982 est
1303 3926 1386 3981 dictio
1399 3927 1582 3997 significationi
1598 3942 1654 3982 suae
1672 3936 1824 3997 comparata
1837 3968 1845 3994 ,
1860 3926 1887 3980 id
1901 3937 1957 3992 est,
1971 3924 2044 3980 litte-
2130 3960 2134 3968 -

421 4021 509 4076 raiem
524 4013 631 4076 sensum
643 4035 703 4077 esse
712 4035 774 4085 curn
787 4020 916 4090 spirituali
925 4033 1106 4090 comparamm
1118 4034 1125 4071 :
1137 4017 1400 4089 etqucmadmodum
1413 4016 1470 4073 lteri
1483 4014 1535 4073 non
1550 4030 1636 4089 potest
1652 4029 1680 4074 nt
1689 4019 1722 4074 ad
1742 4034 1849 4075 sensum
1863 4019 1935 4072 iilrrrrr
1958 4019 2041 4087 spiri·

421 4111 523 4167 rualem
538 4112 739 4181 perveniamus,
756 4112 807 4166 nisi
820 4111 893 4182 prius
906 4111 1046 4167 litteralem
1057 4109 1139 4181 probe
1150 4117 1317 4180 perspectum
1340 4110 1527 4178 babuerimus;
1542 4112 1577 4166 ita
1601 4112 1723 4168 litteralis
1747 4127 1971 4182 supervacaneam
1984 4109 2042 4166 iure

419 4202 621 4272 cognitionem,
635 4200 658 4257 ri
670 4201 834 4272 spiritualem
847 4201 955 4272 assequi
965 4202 1136 4272 negligamus.
1151 4200 1207 4257 lioc
1220 4200 1269 4257 luit
1286 4201 1313 4255 in
1327 4215 1406 4257 causa
1420 4217 1468 4256 cnr
1482 4213 1590 4258 sanctus
1603 4204 1703 4258 Praesul
1716 4244 1723 4267 ‚
1737 4217 1817 4259 serrsn
1832 4203 1957 4268 litterali,
1971 4218 2040 4271 quo·

420 4296 475 4350 ties
486 4309 548 4349 eum
561 4295 627 4350 satis
641 4309 688 4365 per
699 4309 728 4351 se
737 4302 856 4365 apertum
867 4293 1053 4365 cognitumque
1065 4293 1238 4359 existimarit,
1252 4293 1370 4356 omisso,
1392 4303 1462 4349 recta
1476 4294 1502 4349 in
1517 4295 1681 4363 spiritualem
1694 4294 1824 4350 tenderet.
1838 4295 1914 4363 Quod
1932 4295 2039 4365 quidenr

421 4389 448 4443 ci
461 4403 513 4443 nun
523 4389 610 4444 solum
621 4403 672 4445 usu
685 4389 757 4446 renit
769 4389 797 4444 in
806 4388 977 4445 sermonibus
995 4386 1029 4442 ad
1047 4387 1172 4457 pbpuium
1187 4385 1300 4452 babitis,
1315 4385 1342 4440 in
1356 4384 1451 4455 quibus
1469 4385 1526 4456 ejus
1545 4387 1708 4456 potissimum
1723 4387 1852 4457 proiectui
1877 4389 1978 4442 servire
1995 4403 2041 4442 cu·

420 4481 551 4553 gebaturr
566 4497 657 4537 rerum
670 4481 750 4538 etiarn
762 4482 789 4536 in
800 4479 1027 4551 expositionibus,
1042 4493 1107 4549 quas
1119 4477 1145 4533 in
1158 4476 1287 4548 quosdam
1299 4476 1462 4533 Psalmornm
1476 4477 1602 4547 dictauit,
1614 4479 1658 4535 ubi
1672 4495 1705 4536 ex
1723 4482 1802 4535 animi
1822 4482 1957 4536 uoluntate
1971 4481 2041 4554 stylo

421 4572 563 4644 indulgere
579 4572 629 4644 tprt
638 4571 679 4629 lea
691 4581 759 4629 erat.
1772 4596 1775 4601 ⁴

458 4663 527 4718 Cum
534 4663 629 4719 veroin
638 4671 735 4719 sancte
742 4662 887 4733 Scriptura
893 4663 1002 4718 vocibus
1010 4662 1159 4732 spirituales
1168 4674 1264 4717 sensus
1276 4661 1374 4717 lateant
1384 4661 1499 4733 plurimi.
1509 4663 1653 4734 quiomncs
1662 4681 1785 4737 porasque
1798 4667 1844 4736 pii,
1854 4682 1976 4737 peraeque
1984 4666 2039 4721 reri

420 4755 509 4811 rideri
522 4755 638 4825 possint,
652 4753 721 4811 baud
734 4769 840 4825 semper
852 4763 993 4810 contentus
1007 4753 1056 4808 luit
1069 4753 1176 4808 unicum
1190 4767 1356 4823 expromere.
1369 4752 1408 4808 Ad
1423 4755 1528 4809 tertium
1540 4771 1624 4826 usqne
1633 4757 1727 4812 eruite
1738 4758 1838 4827 psalmo
1849 4759 1945 4825 tertio,
1958 4774 2038 4828 qucnr

422 4847 627 4919 primoquidem
646 4847 752 4904 cbristo
767 4847 913 4902 bominoin
928 4847 1033 4918 propria
1046 4861 1095 4903 sua
1116 4859 1229 4917 persona
1249 4846 1436 4913 considerato,
1451 4864 1512 4902 naon
1535 4849 1619 4905 eidem
1631 4843 1695 4906 cum'
1706 4851 1841 4916 Ecclesia,
1857 4868 1968 4923 quacum
1992 4853 2039 4908 ilie

421 4956 505 4997 unum
518 4941 593 5012 quart
603 4954 701 5012 corpus
711 4940 808 5009 eillcit,
822 4939 978 5009 coniuncto;
993 4939 1106 5010 denique
1124 4938 1365 5014 bdelium-singulis
1382 4941 1574 4996 accommodat.
1590 4941 1616 4996 ln
1638 4945 1743 4997 tertinrn
1756 4959 1823 4999 veru
1841 4945 1925 5014 quarti
1941 4943 2037 5000 decimi

422 5033 519 5104 psalmi
530 5048 652 5102 vesunt,
665 5034 785 5104 exposito
808 5032 893 5103 primu
905 5046 986 5086 sensu
1008 5029 1116 5100 pulchre
1132 5031 1251 5100 sciteque
1271 5029 1362 5085 subdit
1377 5046 1384 5082 :
1401 5029 1452 5086 istc
1462 5033 1571 5102 simplae
1584 5033 1724 5089 intellectae
1739 5036 1780 5088 cui
1792 5034 1897 5104 sufficit,
1910 5035 2040 5104 rutilium,-

421 5127 468 5180 red
482 5124 607 5181 eumue
617 5127 690 5183 rerba
702 5125 891 5197 scripturarum
902 5124 1049 5178 obscuritate
1057 5139 1103 5177 rua
1114 5122 1162 5177 iroc
1172 5123 1335 5192 maluerunt,
1346 5124 1414 5192 quod
1424 5126 1516 5180 multas
1528 5126 1705 5199 intelligentias
1715 5139 1872 5198 pepererunt.
1886 5126 1978 5199 itaque
1991 5129 2038 5182 laoc

422 5220 447 5273 ri
466 5218 571 5287 piarum
583 5226 662 5284 emet,
677 5234 754 5272 uuum
764 5215 861 5288 aliquid
872 5216 992 5270 audiretis
1000 5232 1010 5280 ‚·
1023 5215 1082 5286 quia
1101 5230 1159 5269 rero
1172 5214 1275 5268 almare
1289 5215 1382 5268 dictum
1396 5225 1448 5279 ert,
1461 5217 1539 5270 urulta
1552 5218 1664 5271 audituri
1675 5220 1744 5272 crtir.

458 5311 572 5381 Regrlas
584 5309 611 5364 iar
624 5309 746 5365 babendo
757 5309 889 5364 uariorum
912 5321 1054 5372 sensuum,
1068 5306 1114 5376 qui
1131 5306 1219 5361 animo
1233 5316 1392 5373 occurrunt,
1403 5308 1508 5363 delectu
1519 5351 1526 5374 ,
1537 5311 1657 5380 sequitur
1668 5311 1753 5368 errori
1774 5313 1883 5374 minime
1896 5315 2037 5370 obnoxias.
2064 5345 2066 5351 <

421 5404 564 5458 Euinrrero
575 5410 750 5472 preterqmm
765 5401 834 5472 quod
848 5401 978 5456 rationem
989 5441 997 5466 ,
1009 5407 1038 5454 ut
1047 5398 1218 5464 dicebamus,
1232 5399 1311 5470 longe
1331 5401 1471 5454 maximam
1484 5401 1565 5457 babet
1578 5404 1688 5467 litterae,
1702 5406 1744 5462 cui
1755 5407 1860 5477 quidem
1874 5417 1936 5464 arrtc
1948 5409 2038 5463 omnia

419 5508 517 5548 sensus
530 5491 563 5546 ad
575 5493 702 5549 rnoutrn
714 5492 824 5562 ‹guadret
836 5505 946 5547 necesse
960 5499 1019 5557 est;
1032 5505 1137 5560 semper
1152 5488 1288 5544 oboculos
1298 5490 1347 5544 sibi
1370 5490 1525 5546 charitatem
1544 5495 1754 5550 constituendam
1767 5499 1840 5567 pouit
1849 5503 1950 5566 .‘qnaru
1965 5498 2038 5554 Sesi-
2104 5500 2107 5506 ’

418 5596 507 5657 pturar
526 5584 605 5641 totius
617 5583 698 5641 duem
717 5598 776 5638 erse
793 5583 871 5639 duret
890 5584 915 5637 in
932 5582 1060 5652 psalmum
1079 5582 1252 5636 centesimum
1270 5581 1499 5651 quadragesimum
1515 5601 1521 5637 :
1538 5584 1666 5652 Quidquid
1683 5588 1826 5655 ruinartus,
1842 5590 1936 5660 iuquit,
1956 5603 2041 5646 nreure
2088 5655 2092 5664 Ι

416 5677 570 5744 cmcipitrrr,
583 5675 684 5746 quiquid
694 5692 737 5730 ore
750 5677 885 5746 profertur,
898 5676 936 5727 uei
947 5677 978 5728 dc
994 5673 1101 5744 qualibet
1114 5674 1206 5744 pagiua
1217 5673 1384 5740 exsculpitur,
1397 5690 1447 5727 uon
1462 5674 1534 5753 balet
1551 5678 1627 5746 mem
1647 5681 1695 5733 uiri
1707 5682 1861 5737 claritatum
1877 5684 2038 5752 Quaurdocu

416 5768 518 5822 trium
535 5775 685 5837 sumpserat
706 5781 766 5820 cum
781 5780 813 5820 ex
833 5764 993 5835 Evangelio,
1008 5764 1052 5818 ubi
1073 5765 1230 5834 generaliter
1251 5780 1266 5819 a
1286 5763 1391 5821 Christo
1410 5752 1593 5835 pronuntiatur
1612 5770 1676 5826 illud
1691 5773 1817 5840 citatum,
1837 5775 1870 5830 iu
1887 5778 1926 5833 irir
1938 5778 2036 5832 dautur

414 5859 728 5915 numeraturum
738 5858 828 5929 pendet
839 5866 862 5911 ct
875 5857 1008 5928 Prapirctoe
1021 5856 1200 5928 taciturni,
1213 5857 1275 5928 illl:
1292 5867 1347 5913 tum
1359 5874 1393 5913 ex
1408 5856 1551 5929 Aponon,
1566 5865 1713 5934 quojudice
1726 5869 1817 5937 primur
1826 5870 1858 5924 ad
1867 5871 2036 5927 Tinrotlreruu

414 5954 507 6025 capite
517 5952 615 6021 primm
628 5950 701 6006 Fiuir
710 5950 828 6022 precepti
841 5958 877 6004 eat
888 5950 997 6005 ciuntur
1010 5947 1109 6021 (iiim.
1123 5965 1142 6013 r,
1153 5948 1192 6021 5).
1208 5948 1289 6018 liujus
1301 5950 1398 6020 regulae
1408 5951 1538 6008 beneitcio
1549 5970 1643 6010 seusus
1652 5957 1803 6014 christianis
1817 5963 1934 6016 moribus
1942 5977 2034 6031 parurn
2121 5952 2130 5977 ‘

413 6059 564 6116 congmoe,
576 6059 643 6115 qnos
656 6043 773 6100 nonnulii
787 6041 951 6099 Psalmurum
962 6040 1012 6097 loci
1021 6039 1235 6112 objicereanimo
1247 6051 1369 6111 possent,
1384 6044 1473 6112 procul
1482 6045 1618 6101 arnandat:
1627 6049 1772 6120 uerbaque
1786 6053 1820 6107 ab
1829 6052 1970 6107 ulciscendi
1979 6053 2038 6107 libi·

413 6139 479 6196 tiiue
490 6136 621 6209 proticisci
633 6146 712 6213 atque
721 6135 850 6209 improbis
860 6133 1270 6207 eritinmimprecaritidcantur,
1283 6133 1359 6190 docet
1369 6135 1433 6190 nibil
1442 6137 1513 6193 atiud
1522 6153 1582 6195 esse
1592 6156 1670 6212 quam
1683 6145 1812 6201 maiorum
1820 6145 1915 6218 quibus
1924 6144 1971 6212 illi,
1983 6145 2035 6203 nisi
