5025 6925
508 678 608 764 ι’
1046 665 1050 673 ’
1231 704 1421 764 emeram.
1557 712 1561 719 ²
2103 725 2137 779 ,ρ

505 834 572 881 sune
587 841 638 879 uon
650 830 716 881 uene
730 823 1002 894 multossupct‘luisse
1014 837 1081 894 quos
1095 831 1233 879 tractaret.
1247 822 1335 889 Loca,
1352 833 1486 892 tempora,
1502 837 1595 888 casus,
1612 839 1745 893 persone,
1759 840 1830 895 sepe
1850 824 1946 894 sepius
1964 830 2140 885 enarratodout

504 919 638 987 {salsorum
653 919 676 971 ci
689 916 876 987 suggerebant.
890 916 1020 972 Debemus
1040 915 1165 987 trigesimi
1183 917 1270 986 quarti
1292 926 1319 970 et
1336 917 1473 972 centesimi
1495 916 1620 987 trigesimi
1640 918 1702 972 noui
1723 919 1959 973 commentationes
1974 920 2085 991 imperio
2099 924 2140 977 rei

504 1012 632 1082 precibus
644 1011 847 1080 episcoporum,
863 1024 930 1080 quos
941 1017 1003 1064 tunc
1018 1008 1144 1078 temporis
1158 1018 1317 1065 conventum
1329 1006 1443 1078 aliquem
1457 1008 1579 1063 imbuisse
1588 1009 1721 1078 conjicere
1735 1017 1785 1063 est.
1800 1008 1871 1064 ldem
1886 1017 1947 1078 puta
1957 1009 1990 1065 de
2004 1027 2142 1066 commeo-

508 1106 608 1172 tatione
622 1104 647 1156 iu
667 1103 829 1173 trigesiruum
851 1110 972 1165 sextum,
987 1099 1210 1171 quemadmodum
1234 1101 1259 1153 iu
1284 1098 1395 1156 exordio
1408 1100 1539 1154 serruouis
1560 1098 1670 1153 secundi
1692 1113 1774 1169 super
1797 1098 1892 1155 eodem
1914 1100 2015 1168 psalmo
2027 1101 2143 1171 ipsemet

509 1209 609 1254 srarrat.
633 1198 883 1269 Quinquagesiuurm
908 1196 1054 1251 secuudum
1076 1194 1192 1257 Fratris,
1215 1193 1327 1263 alicujus
1347 1191 1458 1248 forsitan
1478 1192 1612 1262 episcopi,
1629 1192 1743 1261 impulsu
1757 1206 1787 1246 se
1807 1192 1971 1247 tractandum
1992 1194 2143 1262 suscepisse

510 1300 633 1346 testatrtr.
647 1289 850 1359 Nonagesimum
871 1297 993 1357 quartum
1007 1287 1105 1357 populo
1119 1286 1240 1355 esposuit
1254 1283 1356 1349 Patris,
1371 1294 1400 1339 ut
1411 1285 1463 1350 ait,
1476 1284 1558 1354 jussis
1571 1284 1760 1348 obsecuturus,
1774 1286 1897 1340 nimirum
1910 1284 1951 1340 vel
1965 1286 2064 1341 Arrrelii
2077 1287 2140 1341 Car.

508 1386 688 1456 tlragincusis,
703 1382 745 1438 vel
759 1382 831 1439 seuis
845 1381 957 1444 Valerii,
972 1396 1050 1451 quem
1072 1382 1097 1434 io
1111 1380 1264 1450 episcopatu
1278 1378 1439 1449 Augustinus
1455 1378 1568 1447 excepit.
1587 1378 1623 1433 lle
1637 1377 1737 1446 psalmo
1762 1381 1906 1432 centesimo
1923 1379 2003 1433 tertio
2023 1378 2092 1433 idem
2108 1382 2140 1434 si·

505 1479 606 1535 militer
618 1475 766 1532 declaratur
779 1476 805 1529 in
818 1474 936 1530 secundo
949 1472 1121 1542 prolixiorum
1134 1474 1259 1527 irorrtmee
1269 1481 1381 1541 quatuor
1395 1486 1566 1536 sermonum,
1580 1471 1675 1541 quibus
1684 1467 1696 1526 l
1701 1467 1843 1541 artlragioe
1858 1472 1903 1525 l'ir
1915 1481 2023 1526 sanctus
2037 1489 2141 1527 mertro-

505 1582 591 1627 ratum
606 1572 734 1642 psalmum
748 1569 899 1623 edisseruit.
917 1568 1083 1637 Propositum
1101 1568 1151 1622 sibi
1164 1584 1178 1620 a
1193 1568 1251 1621 viro
1267 1566 1382 1638 quodam
1403 1583 1505 1638 ntagtue
1526 1568 1708 1634 auctoritatis,
1722 1582 1799 1636 quem
1818 1572 1899 1621 sunm'
1913 1583 2018 1638 quoquc
2038 1578 2140 1637 patrem

499 1665 621 1724 norint,
641 1657 771 1732 psalmum
789 1657 978 1729 octogesimum
989 1667 1092 1715 sextum
1106 1660 1222 1713 excussit
1234 1674 1267 1714 ex
1287 1669 1415 1727 tempore.
1433 1659 1500 1727 Qoiu
1516 1660 1595 1714 etiam
1607 1660 1711 1714 videtur
1727 1661 1753 1713 in
1767 1661 2011 1730 qoinquagesimum
2027 1662 2140 1731 priouou

501 1755 585 1810 rerba
602 1754 709 1812 iecisse.
725 1768 777 1807 uon
792 1762 853 1806 ante
873 1751 1085 1820 meditatusque
1099 1752 1218 1805 diceret:
1232 1766 1292 1805 eum
1306 1749 1342 1805 itu
1357 1751 1442 1805 vereri
1465 1766 1494 1805 se
1512 1759 1632 1816 testetur,
1650 1759 1677 1805 ut
1696 1751 1721 1806 id
1744 1760 1815 1806 tanta
1830 1753 1998 1807 accuratione
2014 1764 2139 1822 praestet,

506 1858 632 1919 qivatuam
645 1845 725 1915 erigit
735 1846 837 1909 erratio,
854 1861 906 1897 ortu
917 1851 1017 1898 attente
1029 1845 1115 1899 solum
1131 1843 1281 1899 auditorum
1296 1844 1423 1908 alaribus,
1438 1842 1485 1899 sed
1498 1843 1654 1913 scriptorum
1667 1860 1773 1915 quoque
1792 1845 1909 1910 calamo,
1924 1854 1952 1900 ιιι
1965 1847 2060 1915 publici
2071 1847 2140 1917 juris

501 1940 564 2006 tint,
577 1938 740 2011 excipienda.
754 1936 980 2007 Qrtondoquidem,
998 1937 1099 2006 iuquit,
1115 1937 1209 2008 pteron
1223 1936 1360 2008 [salubus.
1377 1954 1427 1991 non
1438 1946 1533 1990 tautum
1548 1955 1609 1991 nure
1618 1950 1640 1990 et
1653 1939 1744 2004 eorde,
1758 1939 1802 1992 scd
1816 1949 1838 1992 et
1849 1941 1913 2011 stplo
1927 1941 2074 2010 excipienda
2083 1958 2140 2012 quse

497 2033 626 2094 edicimus,
641 2041 666 2084 ιιι
680 2047 729 2084 non
742 2030 882 2083 auditorem
901 2038 1016 2094 tautrtm,
1030 2028 1075 2083 sed
1092 2036 1115 2082 el
1128 2028 1246 2084 lectorem
1261 2029 1335 2083 etiam
1348 2030 1458 2100 copitare
1470 2030 1600 2082 deleamus
1616 2028 1640 2101 (l
1644 2047 1659 2081 ιι
1680 2028 1751 2083 Psoi.
1765 2047 1805 2093 ut,
1823 2048 1849 2083 ιι.
1867 2031 1905 2101 ll.
1929 2031 2034 2086 Psalmo
2048 2044 2139 2088 ceute·

507 2128 576 2181 simo
589 2124 725 2195 trigesime
738 2132 832 2179 octavo
844 2120 953 2177 alterius
965 2120 1096 2176 brevioris
1104 2121 1180 2188 vice,
1196 2137 1275 2191 quem
1287 2121 1450 2192 Augustinus
1461 2131 1613 2191 paraverat,
1627 2137 1659 2176 ac
1672 2122 1706 2177 de
1719 2140 1793 2178 ιιιιιιι
1805 2133 1866 2179 aute
1878 2125 2069 2194 expositionem
2085 2128 2135 2197 legi

505 2218 635 2288 jusserat,
650 2214 778 2277 recitato;
791 2228 881 2267 casum
897 2213 967 2267 lruoc
980 2213 1025 2267 iile
1037 2213 1064 2267 in
1077 2222 1260 2283 argumentum
1278 2213 1377 2268 divium
1390 2212 1532 2268 voluntatis
1545 2214 1641 2281 traxit,
1656 2224 1734 2286 atque
1744 2232 1776 2270 es
1791 2224 1909 2286 tempere
1926 2195 2048 2274 eumdem
2064 2220 2137 2275 illmn

505 2308 637 2379 psalumm
651 2305 811 2377 explanavit.
825 2299 922 2360 Diebus
937 2305 1077 2360 dominicae
1092 2305 1213 2361 Passioni
1225 2305 1309 2361 saeris
1320 2306 1415 2376 psalmi
1427 2307 1547 2376 vigesimi
1563 2307 1655 2377 prium,
1670 2308 1740 2378 qood
1755 2310 1777 2364 is
1795 2310 1881 2365 eidem
1896 2313 2023 2382 mysterio
2035 2329 2138 2369 coruve-

502 2402 591 2469 niret,
604 2399 782 2471 pronuntiavit
795 2374 923 2453 iusiorem
934 2398 1149 2467 explanationem
1160 2414 1167 2463 3
1185 2398 1256 2453 sicot
1266 2407 1294 2452 et
1305 2397 1399 2468 psalmi
1413 2400 1551 2454 centesimi
1568 2397 1641 2455 lestis
1657 2401 1842 2468 Pasrltalibus,
1856 2404 1930 2473 queis
1942 2404 1978 2460 ob
1989 2406 2139 2476 inscriptio·

501 2507 564 2549 nem
580 2492 689 2546 Alleluia
703 2491 834 2561 congruit.
845 2479 946 2560 ¹Operae
963 2498 1084 2555 nonest,
1098 2489 1165 2543 alios
1178 2489 1309 2558 psalmos,
1321 2505 1387 2560 qrtos
1402 2498 1463 2545 nata
1475 2492 1615 2546 occasione
1636 2501 1675 2547 tot
1695 2494 1773 2548 uariis
1785 2495 1996 2552 solemnitatibus
2010 2514 2041 2553 ac
2053 2500 2137 2567 loeis,
2193 2489 2206 2514 ⁹

502 2582 728 2654 Hippone-regio,
740 2580 916 2651 Cartbagine,
933 2579 1016 2636 Uticae
1037 2588 1117 2650 atque
1135 2581 1198 2635 alibi
1211 2579 1261 2635 luit
1279 2581 1482 2649 interpretatus,
1499 2581 1541 2637 hie
1555 2592 1684 2640 arrootare
1695 2602 1702 2638 :
1715 2586 1779 2640 satis
1798 2588 1867 2641 euim
1890 2599 1946 2654 est,
1961 2591 2029 2659 qued
2044 2608 2075 2647 er
2089 2610 2138 2649 stro

501 2689 611 2746 quaeque
625 2674 685 2729 loce
695 2672 720 2727 iu
735 2671 825 2727 limine
836 2670 989 2726 earumdem
1000 2672 1197 2726 enarrationem
1211 2672 1367 2748 iudicamus.
1385 2673 1513 2728 Addimus
1525 2675 1577 2730 hoc
1591 2692 1686 2742 unum,
1702 2678 1854 2734 coronidem
1868 2682 1942 2751 operi
1957 2698 2005 2737 suo
2017 2696 2137 2741 sanctum

501 2767 653 2822 Antistitem
664 2765 784 2844 posuisse
797 2763 917 2834 expositu
929 2763 1075 2819 centesimo
1088 2764 1192 2821 decimo
1201 2774 1296 2822 ortavo
1317 2744 1522 2838 psalmo,’prout
1535 2769 1561 2823 iu
1576 2770 1695 2841 ejusdem
1711 2773 1818 2843 prologo
1830 2774 1976 2846 siguificat,
1988 2794 2067 2849 quem
2079 2786 2138 2851 qui·

501 2858 563 2917 dem
576 2858 674 2929 placuit
686 2857 737 2912 hoc
747 2856 798 2910 luci
812 2856 943 2926 integrum
955 2865 1156 2924 representare.
1179 2931 1181 2934 v

539 2951 655 3008 Psalmos
669 2966 753 3005 omnes
767 2960 886 3012 caletos,
901 2949 957 3014 ait,
972 2965 1034 3017 quos
1047 2948 1159 3003 codicem
1174 2947 1336 3003 Psalnterum
1351 2950 1465 3005 ιιιιιιιιι
1480 2953 1622 3021 continere,
1636 2956 1702 3025 quod
1715 2955 1835 3012 Ecclesiae
1846 2961 2025 3016 consuetudine
2039 2962 2139 3019 Psalte·

501 3044 569 3098 risus
589 3050 768 3115 nuncupatur,
784 3039 881 3110 partini
898 3038 1088 3093 senuerinnudo
1108 3040 1135 3093 in
1155 3040 1276 3109 papulis,
1297 3040 1389 3109 partim
1412 3041 1531 3094 dictando
1544 3044 1668 3111 exposui,
1688 3045 1796 3100 donante
1814 3046 1943 3115 Domitio,
1958 3054 2022 3106 sieut
2044 3058 2138 3123 potui:

502 3132 626 3205 ριιιιιιιιιι
635 3147 692 3185 nero
705 3129 865 3184 centesimum
878 3138 993 3182 octauum
1003 3129 1144 3191 decinuvm,
1160 3146 1211 3183 nou
1219 3140 1270 3182 ιιιιιι
1283 3139 1385 3201 propter
1395 3133 1451 3201 ejus
1463 3133 1618 3188 notissimam
1632 3134 1812 3207 longitudinem
1823 3179 1830 3203 ,
1846 3156 1921 3209 quam
1935 3153 2038 3212 propter
2050 3146 2137 3199 altitu·

502 3228 588 3281 dinem
601 3224 687 3293 paucis
696 3222 888 3303 cognoscibilem
900 3219 1056 3288 differebam.
1069 3220 1102 3274 Et
1112 3238 1169 3275 curra
1179 3223 1352 3276 proiectissima
1363 3222 1457 3294 {errem
1471 3226 1563 3295 [ratres
1577 3220 1625 3279 otei
1635 3267 1642 3291 ,
1654 3227 1708 3297 ejus
1718 3229 1795 3283 solius
1808 3233 2003 3300 expositionem,
2017 3248 2138 3304 quantum

502 3319 536 3374 ad
549 3317 661 3392 ejusdem
670 3316 782 3387 corporis
796 3312 911 3369 Psolntos
922 3315 1037 3385 pertinet,
1051 3312 1137 3369 deesse
1146 3317 1274 3384 opusculis
1286 3317 1397 3383 nostris,
1410 3334 1497 3388 meque
1509 3319 1543 3372 ad
1558 3319 1758 3377 ltoasolueudam
1772 3324 1880 3380 debitum
1894 3329 2048 3385 veliementer
2061 3350 2137 3404 urge·

501 3420 555 3468 mni
565 3428 575 3477 ;
586 3410 630 3464 diu
646 3405 784 3480 petentibus
787 3403 984 3478 julentdusque
994 3421 1043 3458 non
1054 3406 1115 3458 cessi
1127 3419 1137 3457 .·
1148 3405 1207 3474 quia
1220 3410 1423 3479 quotuscumque
1440 3408 1500 3462 inde
1512 3409 1624 3481 cogitare
1640 3414 1748 3478 lentari,
1763 3430 1860 3486 sussper
1874 3417 1937 3474 uires
1951 3431 2044 3477 rrostrae
2057 3424 2138 3478 inteu-

501 3505 576 3562 tionis
588 3503 703 3559 mesnil.
716 3500 816 3568 Quanto
829 3499 895 3553 euim
908 3498 1005 3552 ridetur
1022 3499 1132 3567 apertior·
1142 3538 1150 3565 ,
1162 3507 1231 3552 tuoto
1245 3499 1308 3554 rvrilri
1317 3494 1467 3568 molundior
1481 3499 1559 3555 uideri
1568 3504 1629 3557 solet
1636 3519 1646 3568 ,·
1659 3505 1694 3558 ita
1707 3515 1735 3558 ut
1748 3508 1823 3561 etlam
1835 3526 1912 3577 quom
1925 3513 1956 3564 sil
1971 3517 2113 3585 prosuudus
2126 3559 2136 3585 ,

502 3599 673 3651 demonstrare
685 3609 735 3648 non
755 3592 858 3662 possim.
871 3589 986 3644 Aliorum
999 3591 1101 3659 quippe,
1115 3589 1158 3660 qui
1172 3589 1272 3662 difficile
1283 3591 1469 3665 intelliguntur,
1483 3594 1582 3648 etiamsi
1593 3596 1619 3648 in
1633 3598 1782 3653 obscuritate
1793 3617 1880 3656 sertsus
1893 3602 1952 3657 latet
1963 3646 1971 3672 ,
1981 3606 2037 3676 ipso
2055 3619 2137 3664 tanus

501 3698 606 3761 apparel
619 3689 757 3744 obscuritas
769 3702 779 3751 ,·
793 3686 870 3756 bajus
883 3693 965 3738 aulem
980 3700 1025 3738 nec
1037 3684 1094 3755 ipso
1103 3700 1113 3738 .·
1123 3685 1242 3756 quoniam
1252 3687 1329 3740 talem
1344 3688 1437 3758 prabet
1447 3687 1622 3758 superficient,
1637 3701 1664 3744 ιιι
1684 3691 1801 3746 lectorem
1819 3703 1893 3766 atque
1911 3698 2070 3765 auditorem,
2086 3720 2138 3760 uon

502 3783 668 3854 expasilmem
688 3781 855 3835 necessarium
877 3777 966 3833 lsobem
985 3778 1158 3832 crederentur
1177 3796 1244 3833 nuuc
1265 3782 1333 3848 quod
1346 3782 1447 3837 tandem
1471 3782 1505 3836 ad
1522 3787 1740 3854 pertractationem
1759 3790 1815 3858 eius
1834 3793 1944 3858 accedo,
1970 3796 2031 3865 quid
2055 3799 2082 3851 in
2108 3818 2138 3854 eo

502 3875 615 3946 possim,
631 3888 733 3944 prorem
746 3872 835 3940 ignoro
848 3885 858 3923 .·
871 3885 944 3940 spero
957 3878 1038 3923 ttamen
1048 3878 1074 3922 ut
1088 3869 1184 3940 aliquid
1193 3872 1303 3940 possim,
1316 3871 1457 3940 offuturum
1466 3881 1540 3944 etque
1549 3874 1697 3944 adjuturum
1709 3876 1800 3933 Deum.
1814 3880 1858 3935 Sic
1872 3884 1936 3936 euim
1951 3885 1998 3952 [eet
2009 3887 2039 3940 de
2051 3890 2136 3942 ιιιιιιι-

501 3968 567 4029 lss,
582 3982 743 4037 quacumque
763 3963 928 4035 sufficienter,
943 3958 998 4016 curu
1018 3962 1088 4033 prius
1113 3963 1175 4017 milri
1198 3966 1232 4016 ad
1244 3965 1434 4040 intelligendum
1455 3966 1493 4021 vel
1512 3968 1686 4039 explicandum
1707 3972 1818 4044 difficilia
1838 3991 1868 4028 ac
1889 3993 1951 4046 poue
1973 3979 2137 4048 iorpossililia

458 4088 464 4129 ι
501 4064 662 4126 siderentur,
677 4059 791 4131 exposui.
804 4056 890 4112 Stalai
907 4066 990 4110 autem
1003 4071 1047 4127 per
1059 4071 1185 4112 sumones
1199 4057 1227 4111 id
1236 4075 1329 4129 agere,
1345 4059 1389 4132 qul
1400 4059 1561 4130 proferantur
1582 4063 1608 4114 in
1622 4064 1741 4134 populls,
1756 4081 1818 4136 quos
1833 4065 1914 4122 Grreei
1927 4075 2021 4137 inette,
2035 4086 2135 4132 uocant.

504 4154 561 4212 Ιιι
584 4157 651 4212 otim
663 4155 758 4228 jastius
772 4170 826 4209 esse
837 4151 959 4217 arbitror,
975 4161 1002 4206 ul
1015 4159 1150 4206 conuentus
1162 4152 1322 4209 ecclesiastici
1334 4171 1385 4209 nou
1399 4157 1549 4224 fraudentur
1561 4155 1636 4209 etiam
1650 4156 1740 4227 psalmi
1755 4157 1830 4229 liujus
1844 4159 2023 4233 intelligentia,
2045 4168 2136 4237 cajus,

502 4258 532 4304 ιι
545 4248 653 4303 aliorum
663 4287 670 4312 ,
681 4245 801 4302 delectari
808 4244 917 4300 amalnu
925 4241 1060 4297 cantilena.

538 4339 623 4397 Fuere
647 4339 727 4411 igittu
749 4339 777 4393 bi
800 4352 937 4394 sermones
953 4321 1058 4406 triginta
1079 4335 1133 4391 duo
1146 4335 1172 4389 iu
1197 4337 1328 4405 psalmum
1345 4339 1518 4395 centesimum
1532 4338 1662 4394 decimum
1677 4349 1800 4395 octavum
1825 4343 1913 4414 populi
1935 4345 2041 4414 quidem
2056 4363 2136 4406 causa

502 4431 653 4491 lucubrati.
668 4428 715 4486 sed
731 4443 895 4499 nequaquam
917 4428 952 4483 ab
964 4427 1110 4496 Augustino
1123 4429 1294 4496 pronuntiati.
1310 4429 1344 4485 Et
1356 4429 1407 4486 boc
1420 4429 1505 4500 ipsum
1520 4428 1589 4485 lorte
1608 4431 1783 4500 significatum
1806 4435 1887 4488 uoluit
1901 4435 2053 4505 Possidius,
2074 4456 2135 4495 eum

502 4530 739 4600 postcnumeratas
751 4520 941 4591 expositiones,
957 4535 1023 4590 quas
1036 4519 1205 4575 solummodo
1221 4522 1265 4575 llir
1280 4532 1387 4580 sanctus
1396 4524 1516 4587 dictavit,
1530 4533 1565 4579 ’.ιι
1575 4526 1663 4580 subdit
1679 4544 1686 4580 ι
1700 4528 1802 4601 Reliqui
1811 4546 1895 4584 onsues
1904 4527 2018 4599 Psoluri,
2029 4544 2133 4604 excepto

501 4619 635 4678 ιιιιιιιιιιιο
649 4615 743 4670 decima
753 4622 857 4676 ostano,
871 4615 897 4667 in
912 4613 1006 4684 populo
1020 4611 1207 4682 dispalatisunt
1217 4610 1331 4686 (Passio.
1342 4616 1368 4670 iu
1380 4616 1457 4671 indic.
1471 4633 1529 4685 rap.
1543 4617 1583 4686 tl.
2142 4688 2145 4694 ἱ

537 4711 703 4768 Psalmorum
728 4713 817 4761 autem
839 4719 944 4760 esacro
958 4713 1080 4776 suggestu
1099 4702 1248 4759 habitorum
1265 4721 1390 4763 numerus
1404 4707 1471 4764 alios
1490 4708 1568 4780 longe
1581 4720 1699 4780 superat.
1722 4710 1786 4778 Qum
1801 4729 1844 4768 res
1859 4713 1933 4768 laeile
1948 4715 2030 4772 videri
2045 4730 2135 4787 posset

427 4788 430 4797 ¹
502 4805 565 4864 inde
583 4803 744 4874 contigisse,
761 4797 831 4869 quod
844 4812 954 4868 maguus
964 4797 1065 4854 Prnsul
1086 4805 1125 4854 tot
1136 4812 1168 4854 ac
1186 4807 1241 4854 ιιιι
1255 4802 1334 4859 variis
1350 4802 1478 4860 Ecclesiae
1489 4804 1721 4874 curisdistrictus,
1737 4810 1778 4863 ιιι
1793 4810 1864 4865 aliud
1879 4820 1982 4882 tempus
1997 4816 2134 4871 sumreisce·

502 4907 591 4961 retur,
606 4893 676 4968 quod
689 4893 731 4949 isti
746 4890 828 4946 labori
842 4889 1027 4958 impenderet:
1042 4890 1088 4948 sed
1103 4906 1136 4946 ex
1151 4891 1183 4945 iis
1193 4906 1252 4962 quae
1266 4907 1344 4965 supra
1359 4894 1497 4953 retulimus
1511 4911 1545 4952 ex
1556 4898 1649 4969 psalmi
1663 4901 1800 4956 centesimi
1817 4902 1911 4957 decimi
1922 4907 2007 4962 octavi
2022 4923 2133 4963 cnarra-

502 4986 574 5046 tione
587 4986 755 5043 manifestum
768 4990 825 5046 cst,
847 4981 946 5036 lranece
964 4979 1117 5035 metlrodum
1135 4983 1298 5052 explicandae
1311 4985 1454 5056 scriptore
1468 4988 1553 5060 magis
1567 4989 1602 5043 illi
1619 4991 1754 5060 probatam
1770 4993 1851 5050 luisse
1867 5010 1974 5066 proper
1987 5000 2110 5070 poprium
2124 5042 2133 5065 ,

502 5081 547 5154 qni
561 5079 616 5136 sola
632 5078 683 5134 hac
696 5076 737 5134 via
751 5076 898 5132 divinarum
914 5072 1073 5129 Litterarum
1093 5088 1201 5130 seosuot
1223 5077 1249 5132 iu
1264 5079 1436 5136 concionibus
1447 5082 1633 5140 ecclesiasticis
1651 5085 1739 5141 doceri
1762 5097 1873 5157 poterat.
1892 5090 1918 5145 lu
1937 5092 1989 5147 illis
2008 5108 2085 5162 porro
2099 5097 2134 5149 ad

503 5175 607 5246 plebem
619 5172 796 5250 Truentinas,
812 5168 1011 5225 observationes
1023 5167 1144 5238 qaudam
1158 5169 1320 5236 inseruntur,
1335 5187 1367 5228 ae
1380 5182 1459 5229 certae
1475 5175 1639 5231 Psalmorum
1653 5180 1793 5234 sententiae
1806 5181 1831 5235 iu
1847 5182 2007 5251 schismata,
2022 5186 2047 5240 iu
2060 5201 2135 5240 errit-

502 5283 546 5325 ιιι
559 5282 590 5321 ac
605 5267 631 5319 io
646 5263 708 5319 vitia
723 5271 872 5333 temporum
888 5260 999 5315 istorum
1018 5268 1192 5329 torquentur,
1206 5262 1302 5332 quibus
1315 5278 1407 5320 coram
1422 5266 1498 5321 lectio
1511 5268 1595 5322 multo
1613 5268 1755 5339 jocundior
1770 5274 1867 5328 evadit.
1886 5274 1941 5332 lllic
1961 5278 2039 5332 etiam
2060 5278 2134 5334 locos

421 5366 423 5372 '
473 5390 485 5406 ·
501 5378 534 5419 et
559 5356 722 5428 Evangelio,
744 5355 852 5411 Actibus
867 5365 946 5426 atque
966 5353 1091 5425 Epistolis
1112 5354 1301 5424 Apostolorum
1315 5357 1430 5412 maxime
1446 5359 1561 5430 insigues
1575 5364 1702 5434 reperias,
1720 5380 1786 5435 qtros
1801 5367 1899 5424 ideireo
1912 5379 2020 5424 sauctus
2038 5371 2134 5426 beetrvr

501 5467 553 5508 nna
568 5466 628 5505 cum
650 5448 756 5502 Psalmo
768 5447 935 5511 enucleavit,
948 5447 1008 5516 quia
1023 5445 1117 5502 cedem
1131 5445 1175 5501 die
1185 5448 1288 5502 recitati
1300 5436 1405 5505 luerint
1416 5450 1443 5505 io
1458 5452 1580 5506 ecclesia.
1594 5454 1712 5524 lienique
1724 5469 1866 5513 occurrunt
1877 5458 2076 5517 adhortationes
2089 5477 2134 5517 ve·

503 5546 650 5608 humentes,
662 5557 721 5610 quse
734 5539 910 5610 perstradeant
922 5557 930 5606 ;
943 5540 1107 5595 elocutiones
1117 5538 1286 5596 inflammatae
1296 5581 1304 5601 .
1316 5555 1376 5612 quoe
1386 5543 1533 5613 abripiant;
1549 5545 1638 5616 ligone
1654 5557 1692 5601 tet
1704 5547 1817 5605 ιιιιιιιιιιιε
1830 5559 1909 5621 atque
1921 5552 2042 5621 ignibus,
2058 5556 2080 5610 si
2094 5555 2134 5612 lus

503 5642 538 5696 ita
554 5637 642 5703 loqui,
658 5632 773 5706 gravide
784 5672 793 5699 ,
805 5639 833 5686 ut
846 5630 873 5686 in
888 5647 934 5686 eas
948 5631 1040 5687 oculos
1049 5632 1182 5702 mojiccre
1195 5633 1237 5687 six
1251 5634 1390 5704 quisquam
1404 5636 1503 5704 possit,
1525 5638 1588 5706 quin
1604 5638 1758 5694 incendatur
1772 5642 1865 5696 eodem
1877 5641 1973 5698 ardore
1987 5662 2065 5715 quem
2084 5664 2133 5703 es-

504 5739 582 5810 portet
596 5751 625 5791 sc
639 5733 802 5814 testabantur
817 5730 834 5785 ii
849 5729 894 5799 qui
908 5727 1031 5782 dicebant
1042 5745 1050 5781 ι
1061 5726 1155 5784 Nonne
1172 5745 1214 5782 eor
1226 5743 1339 5784 nostrum
1350 5728 1441 5784 arderes
1453 5740 1505 5784 evat
1519 5731 1544 5784 iu
1556 5732 1640 5795 erodis,
1650 5734 1709 5786 aram
1726 5735 1866 5805 loqueretur
1877 5735 1903 5788 iu
1915 5737 1972 5802 oio,
1988 5748 2011 5792 et
2023 5741 2133 5811 aperiret

503 5832 574 5885 nobis
588 5828 734 5895 Scripturas
745 5822 818 5893 (Luc.
831 5827 904 5884 nstv,
916 5820 984 5888 bill
1800 5880 1811 5911 Ι

539 5919 567 5977 td
579 5928 703 5990 expertus
715 5927 753 5970 est
769 5915 862 5969 beatus
872 5912 1026 5983 Fulgentius
1038 5953 1045 5977 ,
1058 5927 1118 5968 curu
1134 5913 1285 5969 Tractatum
1299 5915 1325 5971 iu
1344 5916 1472 5988 psalmum
1488 5918 1649 5987 trigesimum
1665 5929 1767 5975 sexuum
1781 5920 1896 5991 legeret,
1910 5925 1985 5992 errius
1996 5927 2133 5981 exvrrdiuur

504 6031 522 6071 e
541 6010 751 6070 consideratione
770 6007 821 6061 diei
845 6005 956 6060 extremi
973 6001 1067 6074 iudicii
1088 6003 1147 6059 ideo
1161 6005 1291 6073 sumitur,
1308 6007 1378 6080 quod
1400 6008 1488 6064 codic
1510 6020 1589 6080 eaput
1612 6027 1672 6064 ssrv
1695 6011 1809 6067 ilattltaei
1825 6010 1909 6066 luerat
1922 6014 2070 6069 recitatum.
2088 6017 2135 6072 ilic

505 6104 646 6178 siquidem,
662 6113 691 6160 ut
703 6105 729 6160 io
743 6102 801 6173 epu
814 6100 874 6156 liita
887 6098 1037 6154 Ferraudus
1055 6106 1219 6166 auctorest,
1233 6113 1294 6155 cusu
1315 6100 1384 6173 spsrd
1407 6102 1524 6156 aninumr
1547 6118 1622 6157 strrtm
1640 6106 1694 6174 iarn
1714 6104 1876 6160 «temerasset
1894 6107 1993 6162 mundo
2015 6107 2133 6164 ιιιιιιιιιιι

2034 6303 2101 6372 ψ

2088 6376 2140 6445 3.,
