5025 6925
448 727 498 783 iii

448 843 568 900 Eec¹aesite
588 848 694 900 caumoo
719 855 751 901 te.
775 845 920 901 Ecclesiam
945 844 1099 912 rideamus,
1121 856 1230 915 propter

445 952 525 1005 quam
541 950 636 1005 passus
650 947 702 992 est.

479 1027 524 1080 et.
540 1022 615 1097 [aera.
628 1025 686 1100 Ei]
704 1026 753 1094 Qtti
774 1025 864 1080 timetis
884 1024 1141 1092 Dominumlattdate
1153 1040 1234 1079 eum:

446 1116 605 1187 ubicumque
619 1119 725 1171 timetur
739 1116 809 1171 Deus
821 1125 849 1171 et
862 1114 995 1180 laudatur,
1009 1114 1044 1170 ibi
1060 1122 1103 1169 est
1113 1113 1232 1168 Ecclesia

447 1208 555 1263 ssitristi.
572 1207 683 1274 l'idete,
697 1206 793 1263 iratres
808 1208 875 1271 mei,
891 1207 913 1261 si
925 1206 967 1261 his
982 1206 1076 1260 diebos
1089 1221 1136 1275 per
1149 1215 1233 1259 totum

407 1349 413 1358 ..
444 1300 536 1355 orbem
547 1307 678 1355 terramm
692 1300 749 1355 sine
758 1315 837 1354 euna
848 1299 955 1363 dieitur,
970 1300 1053 1354 Amen
1065 1307 1093 1353 et
1105 1298 1230 1353 Alleluia.

443 1371 502 1447 Non
516 1391 552 1445 toi
567 1392 676 1445 titrtetur
689 1390 844 1446 ileoslNon
860 1390 895 1446 ibi
908 1389 1029 1444 laudatur
1045 1389 1133 1444 Deris?
1143 1387 1232 1442 Exiuit

445 1486 581 1549 itottatus,
595 1494 623 1540 ct
635 1485 690 1539 ait:
706 1484 818 1539 Prorsus
835 1498 887 1539 nan
904 1484 1019 1548 timetur,
1034 1493 1104 1537 totus
1116 1481 1231 1537 mundns

445 1576 533 1646 periit.
548 1574 612 1631 Sine
625 1590 703 1632 causa
717 1574 784 1630 dicis
798 1594 805 1630 :
821 1574 905 1629 'lotus
923 1574 1038 1629 mundus
1061 1574 1148 1643 periit.
1161 1574 1232 1643 Ergo

444 1668 551 1722 modica
566 1682 628 1736 pars
640 1669 767 1722 remansit
785 1667 810 1721 in
830 1667 918 1721 Ait-ica
930 1666 941 1720 i
955 1667 1024 1738 Ergo
1037 1683 1089 1721 nan
1103 1666 1167 1722 dicit
1181 1667 1231 1722 ali·

444 1758 507 1828 quid
519 1758 661 1823 Christus,
685 1757 755 1814 unde
768 1758 875 1813 obtinet
895 1758 944 1812 ista
960 1758 1026 1813 aral
1038 1775 1091 1813 nan
1107 1758 1172 1814 dicit
1184 1759 1234 1815 aii·

443 1848 599 1925 auidunde
606 1849 723 1915 eradicet
732 1848 836 1920 linguas
849 1851 897 1904 ista
906 1850 1069 1906 dicentium?
1081 1850 1233 1919 Videamus,

443 1954 480 1994 ne
493 1924 563 1994 iorte
583 1939 761 1995 inveniamus.
778 1940 872 1996 Adhuc
893 1941 969 1996 nobis
983 1940 1089 2006 dicitur,
1105 1941 1139 1996 la
1152 1941 1235 1997 aredio

444 2029 568 2087 Ecclesia
580 2049 590 2087 .·
602 2031 636 2087 de
650 2032 767 2089 Ecclesia
781 2042 870 2088 nostra
885 2033 965 2091 dicit..
974 2033 1023 2099 Qui
1037 2034 1128 2089 timetis
1138 2032 1230 2089 Domi·

444 2139 517 2187 aam,
532 2123 859 2179 laudateeum:uideamus
872 2124 894 2178 si
911 2124 947 2178 iili
963 2124 1070 2179 laudant
1082 2124 1234 2195 Dominum,

443 2224 472 2269 et
484 2213 664 2284 intelligamus
675 2214 699 2269 si
711 2213 745 2268 de
761 2214 826 2285 ipsis
839 2214 914 2281 dicit,
927 2222 954 2270 et
965 2214 988 2269 si
1003 2218 1029 2269 in
1042 2214 1131 2270 medio
1140 2214 1235 2270 Eccle-

444 2306 491 2358 sia.
506 2305 624 2373 ipsomm
647 2304 780 2360 laudatur.
798 2304 937 2371 Quomodo
955 2306 1063 2362 laudant
1080 2307 1233 2377 Christum,

444 2396 488 2465 noi
503 2396 595 2451 dicunt
609 2414 617 2451 a
631 2395 748 2450 Perdidit
763 2405 848 2451 totum
869 2397 961 2452 orbern
986 2408 1126 2465 terramm,
1140 2399 1234 2456 diaba-

447 2488 488 2542 lus
503 2488 540 2541 illi
557 2478 639 2542 tutum
663 2488 781 2553 abstulit,
792 2498 820 2542 ct
833 2488 857 2542 in
873 2498 947 2558 parte
957 2488 1014 2557 ipsc
1026 2489 1171 2543 remansit?
1182 2488 1234 2545 Sed

445 2578 532 2632 aditae
545 2578 698 2643 rideamus,
719 2578 836 2648 apertius
850 2578 937 2645 dicat,
953 2580 1072 2648 apertius
1087 2580 1231 2648 loquatur:

446 2685 498 2723 non
522 2670 558 2724 sit
580 2669 650 2740 qntrd
674 2669 860 2739 interpretari,
880 2686 932 2724 non
953 2671 987 2724 sit
1001 2672 1071 2742 qttod
1093 2672 1232 2741 suspicari.

447 2758 597 2814 Unicmsttm
611 2776 693 2814 remen
705 2758 795 2826 iacob,
805 2760 965 2827 carnificare
977 2776 1043 2813 eura.
1057 2760 1137 2816 Forte
1147 2762 1234 2818 adium

443 2849 538 2904 dicum
549 2866 558 2904 ;
571 2847 625 2904 Nos
640 2864 733 2905 sumus
744 2864 835 2904 semen
848 2849 940 2905 Jacob.
955 2850 984 2928 Si
998 2850 1050 2905 sint
1065 2853 1131 2921 ipsi,
1144 2851 1234 2908 ridea-

402 2946 405 2954 '
446 2957 515 2996 num

480 3034 525 3091 25.
539 3033 619 3108 [cera
632 3034 667 3091 25
688 3033 699 3109 ]
714 3034 812 3089 Tinteut
823 3052 880 3090 earn
891 3052 963 3090 omne
976 3054 1059 3091 sentin
1075 3036 1164 3092 lsrael.
1177 3036 1234 3091 aid·

445 3124 496 3180 ime
516 3125 621 3190 dicant,
640 3116 694 3181 No's
714 3140 806 3180 sumus
818 3142 911 3181 semen
923 3126 1019 3191 lsraei;
1037 3130 1232 3195 permittamus,

443 3214 541 3269 dicant
555 3215 681 3283 Qaaar'out
692 3232 741 3269 uon
753 3217 843 3286 rpreor't
854 3232 930 3285 neque
939 3216 1051 3285 desperit
1064 3233 1159 3287 precem
1170 3234 1233 3286 patt-

444 3324 531 3376 permn
541 3325 551 3362 .·
562 3323 673 3377 quarunt
685 3306 850 3377 pauperum?
859 3307 958 3361 Nande
969 3324 997 3362 sc,
1008 3309 1232 3376 prestanteutium.

444 3398 587 3454 Videamus
601 3400 623 3454 si
639 3415 770 3470 pauperes
782 3408 862 3462 sunt,
881 3401 926 3469 qiti
941 3400 1052 3454 dieunt:
1069 3398 1123 3453 Nus
1141 3415 1233 3456 sunros

441 3493 515 3561 justi.
530 3491 653 3546 Christus
665 3493 782 3556 clamat,
805 3490 918 3562 Lacipea
936 3494 1018 3546 sttltttc
1033 3510 1087 3546 ineu
1102 3492 1174 3546 aeria
1189 3492 1233 3548 de·

442 3586 559 3639 lictorum
571 3595 690 3637 mearam.
703 3583 756 3638 Sed
770 3583 856 3638 adime
868 3583 957 3639 dicant
970 3584 1040 3655 qtrod
1054 3585 1155 3640 uolunt.
1174 3583 1229 3639 Ne-

440 3694 488 3747 que
507 3677 595 3730 coertit
618 3676 709 3747 [acient
727 3692 800 3731 saara
815 3692 830 3729 a
844 3693 898 3740 trae,
921 3684 944 3731 et
966 3693 1023 3729 cum
1042 3677 1176 3731 clauctrenr
1198 3677 1232 3730 ad

440 3783 509 3832 aar,
521 3756 647 3821 modicis
661 3784 710 3821 me.
722 3767 820 3834 litauid
835 3768 985 3822 exaudivit?
1002 3768 1034 3821 ad
1054 3784 1132 3838 quarm
1157 3771 1232 3824 remi

473 3860 522 3915 26.
540 3859 624 3933 [cerr.
636 3859 702 3933 ec]
714 3860 789 3931 Aperi
804 3869 827 3914 te
839 3870 875 3914 est
894 3860 950 3915 loris
964 3878 1018 3915 urea
1033 3861 1124 3930 :apud
1148 3862 1230 3917 Deum

442 3952 530 4022 posuit
543 3952 648 4006 laudem
662 3966 737 4007 stram
748 3968 756 4018 ;
767 3950 857 4007 docuit
870 3966 923 4006 non
935 3953 1059 4023 praesumi
1070 3953 1095 4007 iu
1110 3951 1228 4008 hrttrtine.

441 4044 536 4099 Adhuc
557 4044 648 4100 dicant
669 4044 740 4115 qnod
761 4044 865 4099 uolunt.
885 4043 942 4100 lam
965 4045 1071 4115 quidem
1092 4055 1231 4118 cooperunt

423 4135 493 4203 nri.
508 4136 591 4205 c'tepit
603 4135 782 4207 propinquare
797 4136 881 4206 iguis;
894 4153 945 4190 non
959 4146 1001 4201 est
1014 4137 1059 4207 qui
1073 4152 1102 4192 se
1113 4137 1226 4192 abscon·

438 4228 512 4283 data
526 4228 616 4283 calore
629 4227 686 4297 ejus
698 4226 708 4301 (
720 4227 790 4282 Paul.
805 4243 881 4291 xrut,
895 4229 942 4297 i).
957 4227 1009 4283 Sed
1023 4226 1109 4283 aditae
1121 4229 1228 4297 dicam,

440 4318 474 4374 Et
487 4332 537 4375 nos
549 4316 618 4388 apud
634 4316 708 4371 ilium
722 4316 826 4373 laudem
838 4327 956 4373 nostram
972 4318 1128 4387 posuimus,
1141 4329 1168 4373 et
1181 4331 1230 4374 nos

440 4410 468 4467 in
480 4411 559 4467 nobis
574 4425 626 4465 non
640 4408 1054 4480 prosumnus;dteuuaat1ue.
1070 4407 1103 4463 ia
1115 4407 1231 4465 Ecclesia

438 4519 533 4574 scapua
544 4503 682 4570 confitebor
699 4501 743 4555 iiii
753 4517 763 4555 .·
773 4501 828 4571 jam
842 4499 885 4554 ltle
899 4509 978 4571 puto,
992 4503 1052 4570 qnia
1065 4500 1146 4569 coepit
1155 4500 1230 4556 iute-

438 4593 511 4649 riora
522 4601 640 4665 tangere.
652 4591 769 4647 Ecclesia
780 4606 873 4662 magna
886 4591 948 4662 qnid
961 4597 1012 4654 est,
1024 4590 1137 4646 iratres?
1147 4591 1230 4646 Num·

438 4684 505 4757 quid
516 4685 608 4756 exigna
621 4698 684 4754 pars
698 4683 771 4739 urhis
783 4690 912 4738 terrarum
926 4681 1042 4737 Ecclesia
1057 4696 1151 4751 magna
1165 4691 1206 4737 est
1219 4681 1232 4736 i

439 4778 558 4837 Ecclesia
570 4792 663 4848 magns
672 4787 743 4832 totos
754 4775 882 4831 oritisest.
896 4775 972 4829 liudo
984 4774 1008 4828 si
1016 4775 1075 4843 unis
1088 4774 1232 4829 vellicari-

437 4880 481 4925 sto
494 4869 694 4925 contradicere:
703 4864 850 4931 ttteuuots,
860 4874 886 4919 tu
895 4862 994 4928 (sitisti,
1005 4862 1037 4917 in
1051 4863 1165 4919 Ecclesia
1177 4881 1231 4918 ato-

438 4977 488 5031 aua
501 4961 637 5031 wnmeior
650 4959 695 5014 tili
705 4973 714 5013 .·
724 4971 785 5030 quat
797 4940 914 5012 Ece'lesia
927 4955 1039 5026 magnai
1058 4955 1098 5011 Ad
1119 4956 1230 5012 inustum

438 5053 537 5107 dirim
548 5049 698 5107 remansisti
707 5050 728 5117 ¹,
741 5058 823 5104 totum
834 5047 960 5102 mundum
974 5047 1124 5118 perdidisti:
1133 5048 1229 5105 eliardi·

438 5143 471 5198 sti
485 5144 643 5215 sartgmnem
661 5156 710 5213 pro
723 5150 789 5207 toto,
801 5140 847 5196 sed
866 5140 1015 5195 invasorem
1024 5153 1119 5210 passus
1128 5154 1166 5192 cs.
1179 5139 1234 5194 ista

439 5251 489 5291 nte
503 5236 619 5291 diximus
640 5234 753 5290 Domino
777 5239 902 5305 tanquam
923 5241 1093 5304 quaerentes,
1114 5231 1228 5285 scientes

439 5338 528 5382 uinea
543 5326 605 5397 auid
620 5325 727 5381 dicturi.
742 5324 936 5392 Ponanutsnos
949 5322 1051 5377 nescire
1064 5321 1127 5391 quid
1137 5321 1226 5376 dieat:

439 5432 529 5472 mnne
543 5417 621 5471 nabis
634 5415 800 5486 respondet?
813 5413 950 5481 Quiescite
962 5454 970 5479 ,
984 5411 1071 5466 aditur
1084 5411 1146 5466 dieo
1158 5413 1229 5468 aride

440 5522 520 5562 nemo
530 5507 645 5564 dubitet.
660 5506 852 5577 Exspectemus
873 5520 938 5576 erga
958 5503 1022 5574 quid
1044 5504 1163 5559 dicturus
1175 5514 1226 5560 est.

439 5599 498 5653 latu
510 5613 560 5670 ego
570 5597 694 5653 volebam
711 5597 901 5666 pronuntiare,
916 5604 943 5651 et
956 5609 1009 5650 non
1023 5594 1162 5650 admittere
1177 5594 1227 5649 ito·

440 5690 526 5746 mines
539 5690 610 5745 aliod
621 5686 720 5760 aliquid
734 5687 913 5756 interpretari,
928 5702 988 5742 cnm
1001 5687 1072 5741 dieat
1083 5686 1225 5741 Christus:

439 5777 473 5834 la
484 5778 597 5836 Eceier'a
607 5795 709 5851 mappa
723 5779 756 5834 Et
768 5786 795 5831 tn
809 5775 875 5832 dicis
887 5777 948 5848 quia
969 5777 995 5832 in
1008 5786 1128 5832 extrema
1152 5787 1227 5845 parte

440 5872 577 5927 remansit.
593 5871 627 5927 Et
638 5869 725 5926 adhue
738 5867 837 5922 audent
850 5866 950 5927 dicere.
962 5866 995 5921 Et
1007 5873 1097 5921 nostra
1107 5866 1225 5921 Ecclesia

440 5975 534 6032 trtagua
545 5969 596 6026 est,
608 5960 670 6030 quid
689 5958 734 6014 riui
747 5957 851 6012 uidetur
875 5956 954 6028 {argu
979 5964 1006 6011 et
1018 5955 1188 6026 Tatnugade?
1198 5954 1226 6011 Si

472 6113 481 6146 ¹
492 6113 558 6172 eald..
568 6114 603 6164 ad
614 6115 705 6174 partem
717 6109 804 6174 africa
811 6106 962 6163 emmim.
972 6113 1008 6158 est
1016 6104 1119 6158 accedo
1130 6120 1224 6175 ragno.

439 6176 644 6236 atmaardtort,
656 6180 702 6224 etc
716 6177 801 6224 tactam
812 6170 842 6240 ad
852 6177 905 6221 tas
917 6172 1093 6233 maceriam.

985 728 1182 785 adsensere
1201 728 1232 783 tN
1246 727 1407 819 calcarunt
1427 731 1497 786 xxi.

2008 748 2064 807 lid

1289 859 1341 899 non
1356 844 1421 901 dicit
1434 848 1532 919 aliquid
1545 850 1551 881 ¹
1569 852 1638 907 ande
1659 853 1841 911 ttbmutescaut
1854 896 1862 925 ,
1876 856 1963 918 adiuta
1983 863 2071 924 dicarit

1286 935 1346 1004 quia
1361 951 1454 1007 magna
1468 950 1509 993 est
1522 939 1639 996 Ecclesia
1654 945 1710 999 sola
1723 944 1856 1003 Numidia.

1321 1026 1365 1081 Ei.
1383 1025 1457 1100 [verr.
1469 1030 1514 1095 di,
1524 1030 1581 1105 aa]
1595 1031 1754 1103 Videamus,
1768 1038 1906 1096 audiamus
1920 1049 2006 1101 adtrito
2017 1047 2067 1104 ilo·

1286 1117 1387 1172 minum
1400 1137 1406 1173 :
1426 1118 1488 1173 Vota
1501 1138 1556 1177 urea
1567 1124 1671 1178 reddant
1685 1144 1769 1182 coram
1780 1131 1920 1186 tirtteatilrus
1930 1150 1996 1189 euur.
2006 1139 2070 1204 Qum

1288 1215 1351 1261 sunt
1362 1218 1422 1262 uota
1437 1211 1502 1265 sual
1516 1210 1680 1269 Sacriiicium
1701 1218 1771 1287 quod
1794 1220 1890 1276 obtolit
1905 1223 1969 1278 Deo.
1982 1224 2072 1284 Nostis

1286 1297 1363 1367 quale
1375 1300 1556 1357 sacriilciurn?
1573 1303 1675 1360 Norunt
1690 1306 1782 1363 indoles
1797 1320 1855 1365 rota
1880 1327 1939 1382 qiam
1957 1315 2073 1372 reddidit

1286 1401 1376 1445 coram
1392 1391 1545 1448 timentibus
1558 1409 1619 1449 eum
1632 1412 1638 1448 ε
1653 1411 1715 1451 nant
1732 1400 1861 1470 sequitur,
1876 1401 1959 1457 Edem
1973 1421 2069 1474 paupe·

1285 1495 1335 1544 res,
1346 1489 1371 1535 et
1390 1484 1579 1539 sataraioutttr.
1594 1486 1666 1542 Beati
1680 1505 1824 1560 pauperes,
1838 1494 1898 1564 quia
1919 1495 1979 1552 idea
1992 1498 2074 1555 edunt

1286 1578 1316 1625 ut
1329 1581 1502 1631 saturentur:
1519 1577 1601 1634 edunt
1615 1579 1686 1635 enim
1707 1597 1854 1654 pauperes;
1867 1588 1912 1657 qai
1930 1598 2018 1645 autern
2033 1592 2076 1646 di-

1286 1663 1353 1717 vites
1368 1674 1448 1732 sunt,
1463 1682 1517 1722 non
1538 1669 1678 1738 satiantur,
1691 1672 1751 1741 quia
1765 1689 1817 1729 non
1843 1679 1972 1733 esuriunt.
1988 1680 2073 1737 Curti·
2128 1688 2140 1713 ⁴

1288 1751 1368 1806 edem
1382 1769 1529 1825 pauperes:
1543 1757 1606 1815 inde
1626 1770 1684 1815 erat
1697 1762 1811 1832 piscator
1823 1765 1867 1822 ilie
1886 1767 1989 1835 Petras,
2004 1771 2065 1827 inde

1287 1850 1344 1896 erat
1358 1843 1425 1897 alius
1438 1845 1553 1914 piscator
1566 1848 1683 1907 loannes
1695 1865 1722 1908 et
1738 1853 1852 1911 lacubus
1874 1856 1956 1915 irater
1971 1862 2070 1932 ipsius,

1287 1930 1348 1987 inde
1359 1943 1417 1988 orat
1430 1935 1511 1992 etiam
1531 1940 1689 2009 publicanos
1701 1943 1852 2002 Nattltoeus.
1863 1948 1902 2004 lle
1915 1953 2074 2021 pauperibus

1287 2019 1336 2089 ipsi
1346 2032 1432 2090 erant,
1445 2028 1488 2094 qui
1502 2029 1675 2087 comederunt
1685 2042 1711 2088 et
1722 2036 1833 2090 saturati
1846 2046 1917 2106 sunt,
1931 2041 1990 2095 talia
2004 2044 2074 2113 passi

1286 2112 1373 2182 attalia
1388 2115 1743 2178 manducaveruntcoenam
1762 2139 1838 2181 suam
1862 2126 1950 2195 dedit,
1971 2133 2073 2201 passio·

1287 2217 1347 2258 nem
1362 2220 1435 2261 suam
1450 2206 1544 2264 dedit:
1560 2211 1603 2267 ille
1617 2222 1760 2282 satttratur,
1774 2218 1955 2287 quiimitatur.
1972 2222 2067 2279 imitati
2126 2266 2128 2273 .

1286 2303 1348 2351 sunt
1370 2310 1520 2367 pauperes:
1535 2300 1584 2371 ipsi
1606 2304 1676 2359 enim
1697 2305 1737 2360 sie
1756 2309 1826 2377 passi
1841 2318 1919 2373 snttt,
1935 2322 1960 2366 ut
1975 2312 2073 2369 eluisti

1286 2384 1394 2454 vestigia
1409 2399 1593 2458 sequerentur.
1611 2391 1692 2448 Edem
1705 2411 1839 2466 pauperet.
1850 2397 1902 2454 Sed
1915 2412 1996 2473 qtrarc
2008 2418 2072 2471 pau·

1286 2479 1383 2547 peresi
1393 2478 1425 2532 Et
1439 2480 1580 2536 laudabant
1596 2482 1731 2540 Dominum
1749 2489 1792 2557 qai
1805 2490 1931 2560 requirant
1946 2508 2014 2547 eom.
2029 2494 2071 2547 itt-

1286 2570 1353 2624 rites
1367 2585 1395 2625 se
1409 2572 1535 2638 landant,
1549 2589 1682 2645 pauperes
1695 2578 1833 2634 [lominum
1854 2581 1970 2638 landant.
1985 2584 2073 2652 Quare

1285 2669 1347 2715 sunt
1361 2664 1513 2732 pauperes?
1525 2664 1592 2732 Quia
1607 2666 1746 2723 iluminunt
1760 2670 1878 2738 laudant,
1892 2680 1919 2727 et
1932 2672 2074 2731 Domiturm

1285 2761 1417 2822 quarunt.
1429 2754 1557 2812 Dominus
1567 2766 1609 2812 εει
1623 2758 1723 2814 divitiae
1737 2775 1900 2831 pauperum:
1913 2764 1972 2820 ideo
1987 2767 2073 2824 inanis

1285 2852 1327 2898 est
1338 2843 1443 2913 domus,
1455 2854 1484 2901 ut
1494 2860 1541 2903 cor
1553 2849 1660 2919 pienum
1672 2851 1770 2907 divitiis
1780 2854 1824 2907 sit.
1840 2854 1939 2910 Diuites
1951 2872 2070 2924 qoanraut

1285 2935 1355 2990 urtde
1377 2952 1466 2992 arcam
1481 2938 1626 3008 impleant,
1648 2953 1780 3010 pauperes
1793 2952 1915 3011 quarunt
1936 2946 2006 3002 unde
2026 2963 2072 3003 ctu

1285 3025 1413 3096 impleant
1425 3048 1432 3084 :
1444 3036 1472 3083 et
1485 3043 1545 3085 cum
1560 3030 1740 3100 impleverint,
1752 3031 1860 3089 laudant
1875 3020 2014 3091 [lominum
2027 3041 2072 3109 utri

1285 3119 1426 3188 requirnnt
1440 3135 1512 3176 enm.
1529 3123 1560 3176 dt
1573 3121 1672 3190 videte,
1688 3124 1793 3192 iratres,
1809 3127 1855 3196 qni
1869 3143 1931 3184 uere
1944 3142 2073 3200 pauperes
2152 3145 2160 3155 ·

1284 3218 1356 3275 sunt,
1370 3210 1445 3281 cujus
1459 3212 1497 3267 rei
1513 3212 1607 3268 diuites
1621 3214 1674 3268 siut
1689 3216 1770 3286 :unia
1784 3229 1837 3271 nott
1853 3218 1878 3273 in
1893 3233 1964 3285 arca,
1981 3235 2032 3275 nou
2044 3222 2072 3275 in

1285 3299 1390 3369 ltarreo,
1403 3318 1455 3357 non
1470 3304 1496 3358 in
1509 3305 1649 3375 apotheca,
1663 3305 1750 3363 Vitem
1761 3310 1935 3366 sardaeorum
1948 3312 1974 3367 ia
1988 3327 2066 3368 caetr-

1284 3390 1338 3444 lunt
1351 3394 1446 3448 sacoit'.

1317 3482 1361 3538 28.
1378 3483 1448 3555 Erga
1470 3486 1607 3542 attendite.
1640 3489 1738 3544 Passus
1758 3502 1799 3547 est
1819 3493 1960 3560 Dominum
1984 3495 2072 3552 omitia

1282 3588 1342 3643 num
1360 3574 1472 3631 audistis
1494 3592 1587 3646 passus
1608 3588 1650 3634 est
1671 3580 1809 3637 domiuus.
1824 3584 1974 3651 Qumrimns
1990 3601 2072 3656 quare

1283 3680 1376 3736 passus
1388 3677 1445 3733 est,
1468 3677 1496 3725 et
1518 3672 1598 3741 eoepit
1617 3687 1747 3730 narrare:
1765 3673 1884 3731 Narrabo
1897 3694 1986 3732 nonten
2001 3690 2072 3732 taam

1282 3759 1403 3828 [ratribus
1412 3760 1483 3825 ateis,
1495 3761 1521 3815 t'a
1534 3763 1616 3817 medio
1628 3762 1747 3820 Ecclesia
1756 3767 1862 3821 catttulto
1876 3777 1909 3822 te.
1922 3769 1975 3824 Sed
1985 3769 2071 3824 adiuta

1281 3848 1390 3910 dicunt,
1407 3850 1459 3906 ista
1480 3863 1521 3907 est
1545 3853 1673 3910 Ecclesia.
1696 3854 1793 3910 Timent
1814 3873 1871 3911 eant
1895 3872 1967 3913 outae
1987 3872 2071 3914 umen

1281 3938 1374 4021 israel.
1387 3941 1492 4009 Dicunt,
1508 3942 1561 3999 Nos
1571 3957 1663 3999 sumus
1675 3959 1768 4001 semen
1780 3946 1870 4001 lsrael.
1883 3948 2008 4014 Quoniam
2021 3964 2070 4022 uon

1281 4034 1473 4102 amatamque
1493 4031 1607 4103 despexit
1627 4050 1723 4104 precem
1748 4038 1875 4106 pauperis.
1906 4037 2000 4093 Adime
2023 4038 2065 4092 di·

1281 4129 1353 4184 cunt,
1373 4119 1427 4176 Nos
1446 4136 1549 4177 sumus.
1563 4122 1652 4194 Neque
1670 4126 1760 4177 auertit
1775 4126 1866 4196 facient
1886 4143 1959 4180 ruam
1979 4144 2075 4183 anter·
2146 4141 2147 4144 ’

1282 4210 1339 4280 ipse
1350 4207 1470 4266 Christus
1483 4211 1612 4269 Dominus
1632 4230 1648 4269 a
1667 4230 1707 4280 se,
1721 4215 1747 4270 id
1763 4226 1803 4271 εει
1822 4216 1857 4271 ab
1869 4217 1988 4272 Ecclesia
2009 4234 2067 4283 sua,

1280 4316 1340 4370 quac
1353 4309 1396 4356 est
1408 4315 1505 4371 corpus
1526 4302 1619 4372 ipsius.
1641 4305 1717 4374 Apud
1738 4315 1761 4361 te
1780 4305 1836 4359 luas
1849 4324 1912 4361 mea.
1929 4307 1982 4361 lius
1995 4307 2067 4378 ipsus

1281 4389 1361 4446 ruitis
1376 4390 1494 4448 laudare.
1505 4391 1557 4449 Sed
1573 4394 1744 4464 respondent,
1758 4396 1871 4452 Prorsm
1880 4406 1907 4454 et
1922 4413 1970 4452 nas
1980 4397 2066 4468 ipsum

1282 4479 1429 4537 laudamus.
1449 4481 1511 4536 Vota
1525 4499 1581 4537 mea
1595 4483 1702 4540 domiuo
1716 4485 1819 4540 reddam
1831 4503 1916 4540 coram
1929 4487 2069 4542 tirrreutidnc

1281 4589 1348 4628 eum.
1363 4572 1527 4631 Sacrificium
1544 4577 1633 4650 praeis,
1648 4578 1805 4634 steriliaium
1819 4578 1971 4645 charitatis,
1986 4582 2068 4635 saeri-

1281 4663 1371 4720 sseiom
1391 4667 1513 4736 corporis
1537 4668 1578 4724 sni
1602 4678 1702 4724 nartmt
1724 4669 1816 4727 ildeies
1831 4688 1838 4724 ι
1853 4670 1981 4742 disputari
2008 4671 2069 4727 inde

1282 4756 1361 4812 ruodo
1374 4772 1426 4812 nan
1442 4768 1537 4828 potest.
1557 4759 1619 4815 Vota
1631 4777 1686 4816 mea
1700 4762 1804 4817 reddam
1817 4779 1903 4817 eoram
1923 4764 2066 4819 titueutidos

1282 4867 1347 4905 eam.
1364 4851 1450 4907 Edant
1462 4854 1609 4922 prtblieaui,
1624 4856 1704 4910 edant
1717 4856 1877 4925 piscatores,
1894 4856 2066 4925 manducent,

1282 4943 1417 4998 imitentur
1432 4945 1589 5012 Notariaum,
1608 4947 1754 5017 patiuntur,
1770 4956 1934 5002 saturentur.
1947 4947 2064 5003 Nartuus

1281 5045 1322 5090 cst
1336 5035 1392 5105 ipse
1407 5036 1543 5105 Dominus,
1557 5037 1705 5093 moriuntur
1716 5046 1744 5092 et
1759 5052 1908 5107 pauperes:
1924 5038 2029 5093 additur
2042 5050 2068 5094 et

1282 5143 1354 5183 ntors
1371 5128 1559 5200 discipulorum
1581 5130 1659 5185 morti
1684 5128 1812 5200 magistri.
1831 5129 1938 5197 Quare?
1951 5130 1988 5186 tta
2003 5130 2067 5186 milti

1281 5220 1404 5276 irttctum.
1416 5221 1691 5289 ilommerrtoraltuutur,
1707 5230 1730 5274 et
1749 5230 1920 5277 mutarentur
1932 5222 1966 5276 ad
1980 5222 2066 5278 Domi·
2121 5209 2124 5216 ’

1280 5329 1340 5365 atrro
1353 5312 1460 5367 tunicari
1473 5312 1534 5379 sines
1547 5321 1630 5366 temo.
1645 5311 1692 5365 iiia
1706 5310 1818 5377 iratres,
1838 5312 1899 5382 auid
1919 5312 2039 5383 quaeritis
2052 5327 2068 5366 a

1280 5402 1357 5457 uirbis
1366 5403 1429 5472 ataid
1439 5401 1647 5472 respondeamus
1655 5402 1723 5472 parti
1732 5401 1926 5459 mantiideee
1935 5403 2066 5468 Pserimos,

1279 5493 2069 5577 ethiclegitorltadie,etiirilegiturltodic.Scril)atnusllltmt

1279 5589 1306 5645 in
1315 5587 1444 5644 iratrtibus
1453 5587 1560 5651 nastris,
1569 5602 1629 5643 euru
1641 5588 1688 5643 illo
1698 5588 1880 5659 procedamus,
1891 5603 1943 5643 non
1951 5587 2069 5659 quiescat

1279 5677 2068 5750 linguauostra,istadimtzdeeocltristuspassusest,aeor

1271 5770 1410 5824 'mercator
1424 5768 1540 5824 ostendit
1553 5769 1721 5838 mercedem,
1735 5785 1797 5827 ecce
1809 5770 1923 5841 pretinm
1936 5769 2005 5841 quod
2019 5769 2066 5824 de-

1311 5925 1319 5956 ¹
1332 5929 1380 5989 en,
1391 5921 1452 5984 aoid
1472 5922 1515 5974 rial
1533 5921 1648 5976 caeto?
1660 5922 1717 5987 jam
1727 5923 1798 5976 etiam
1809 5925 1891 5976 audio.
1903 5923 1928 5975 si
1938 5935 1985 5973 rtoa
2002 5920 2065 5977 did·

1278 5989 1327 6045 tar,
1334 5993 1381 6036 ete.
1393 5993 1457 6042 tor..
1465 5982 1525 6045 arta
1535 5985 1578 6036 tici
1589 5984 1682 6038 ddetm
1688 5993 1713 6036 et
1722 5986 1843 6050 aaptdeet
1854 5986 2005 6047 tamupadte·
2012 5989 2067 6035 iias.

1279 6061 1347 6108 tero,
1357 6047 1417 6107 ataid
1429 6046 1472 6096 aiat
1481 6046 1574 6098 ridetur
1586 6046 1659 6111 rapui
1669 6054 1692 6098 et
1704 6047 1940 6112 increpem-,Forte
1952 6046 2013 6108 leg,
2022 6054 2067 6094 tra

1278 6106 1320 6170 pai
1329 6117 1353 6159 et
1366 6108 1567 6180 tentatricem,
1579 6108 1738 6172 mmruuaude.
1752 6115 1806 6158 tame
1818 6108 1935 6157 nimirum
1947 6109 2078 6176 pampas

1278 6173 1376 6222 atterunt
1387 6170 1476 6236 oppida
1485 6182 1502 6222 a
1511 6170 1643 6223 ιιειιιιιειιε
1650 6180 1777 6236 occuram.
