5025 6925
418 674 472 750 ,³²⁰
776 623 783 636 ’
875 687 879 694 -
946 657 1143 715 annuatim
1161 657 1194 713 ut
1213 658 1375 718 nsatnuu
1396 663 1539 720 xxxuu.

455 785 499 839 au.
516 782 592 856 [nens.
609 780 664 855 tn]
680 780 749 849 Engo
761 778 829 831 intui·
844 775 899 828 linc
910 774 963 844 jani
978 773 1138 839 transiliens,
1151 771 1206 844 jain

421 881 447 935 in
461 874 621 948 quibusdam
633 870 812 942 stipatim-ilius
824 880 922 937 agens,
944 865 1000 919 ιιι
1015 866 1067 920 ima
1085 876 1206 920 contom-

419 983 503 1036 nens,
527 966 596 1022 inter
610 965 668 1019 lime
687 961 802 1033 positus,
821 955 937 1021 Exaudi,
954 955 1052 1025 inquit,
1069 956 1207 1009 orationem

418 1076 509 1113 oneum
519 1038 1071 1127 llequil'iusgaudeamdequibusqemam?
1081 1048 1206 1102 Dotnaus·

417 1154 485 1208 sctis
502 1148 619 1222 gaudeo,
632 1162 679 1217 pro
691 1144 732 1199 liis
743 1158 803 1213 qua
815 1148 918 1197 restsm
928 1155 1017 1211 gemo.
1031 1135 1134 1193 Exaudi
1148 1156 1206 1193 ora·

418 1246 511 1298 tionem
524 1256 605 1295 ineunt
618 1249 640 1293 et
655 1235 854 1307 deprecationem
873 1248 954 1288 utemn
969 1247 979 1285 :
993 1231 1094 1284 nundus
1107 1230 1206 1300 percipe

418 1350 544 1408 tocsqmus
557 1350 633 1387 naeus.
650 1327 781 1398 Numquid
801 1327 871 1382 enini
892 1325 952 1394 quia
969 1332 1039 1378 tanta
1054 1322 1203 1388 transilivi,

418 1428 478 1499 quin
491 1436 564 1481 tanta
575 1420 797 1489 tmiiscondi,1'ani
811 1432 863 1472 non
876 1415 1045 1472 lieolllonne
1059 1415 1206 1468 multoma-

419 1523 456 1592 gis
470 1514 539 1574 ιιι)
548 1516 614 1583 Quia
627 1514 671 1583 qui
686 1510 793 1581 apponit
806 1507 954 1571 scientiam,
965 1506 1073 1576 apponit
1085 1505 1204 1559 doiorum

418 1611 514 1685 (Eccle.
530 1606 619 1675 ι,18).
633 1604 728 1659 Nonne
740 1601 857 1670 qitanto¹
873 1599 956 1669 magis
967 1598 1037 1667 quod
1051 1597 1124 1651 abest
1133 1596 1204 1651 dosi-

419 1705 491 1768 dem,
502 1710 575 1755 tanto
588 1698 670 1769 magis
683 1695 769 1749 donoc
782 1700 871 1747 vomat
881 1705 968 1758 qaino,
979 1698 1052 1744 tanto
1066 1687 1204 1756 mogisdo·

420 1811 465 1852 nec
476 1794 567 1850 ueniat
579 1791 648 1845 ileo?
656 1787 748 1843 Nonne
761 1794 834 1840 tanto
842 1785 936 1853 magis,
944 1792 1042 1851 quanto
1054 1781 1140 1857 magis
1146 1796 1203 1833 cre·

419 1887 541 1943 ireseum
559 1881 700 1942 montinio,
717 1873 912 1948 quantomagis
930 1871 1044 1929 abundat
1059 1871 1202 1940 iniquitas,

419 1976 534 2049 quanto¹
550 1972 633 2043 magis
646 1969 795 2040 refrigescit
811 1966 927 2021 eliminas
940 1964 1082 2029 multorum
1097 1961 1202 2034 (llottts.

419 2084 488 2132 xxm,
504 2065 570 2136 l2)i
585 2064 659 2123 ilico,
677 2059 739 2126 Quis
753 2057 821 2112 dulit
835 2055 912 2125 coniti
926 2070 979 2108 uteo
993 2070 1094 2122 uquam,
1109 2062 1132 2107 et
1144 2069 1205 2106 ocu·

417 2158 514 2216 lismeis
527 2160 620 2227 sontem
634 2153 801 2222 lucrymunnn
810 2147 916 2218 (loreto.
931 2162 968 2209 tx,
979 2144 1022 2216 ill
1033 2144 1132 2199 Exaudi
1146 2160 1204 2199 oru-

416 2254 507 2305 tiountt
519 2262 600 2300 nteum
619 2253 642 2307 ei
656 2241 854 2313 deprecationem
868 2252 972 2292 oneum:
988 2234 1090 2289 nuribus
1104 2234 1204 2305 percipe

415 2343 540 2414 ιιιιιιιιι
547 2354 625 2393 ιιιιι.
635 2334 676 2390 Νι
686 2335 760 2389 sileas
768 2349 784 2385 u
791 2347 840 2384 me.
849 2329 887 2385 Ne
895 2327 1082 2383 obsurdescam
1093 2326 1118 2380 iu
1126 2334 1204 2381 tetar-

414 2450 487 2490 num.
506 2430 547 2486 Ne
559 2428 634 2484 sileas
647 2443 663 2481 ι
678 2442 717 2479 ιιι
730 2439 740 2477 s
754 2422 859 2478 audiam
875 2429 910 2476 te.
924 2418 1033 2475 Occulte
1053 2418 1125 2472 onim
1139 2415 1205 2504 dicit

347 2505 351 2511 ⁶
412 2528 502 2588 neus,
517 2521 606 2578 multis
618 2521 645 2576 in
664 2517 744 2573 corde
756 2515 873 2586 loquitu·
887 2531 894 2567 ε
910 2522 1061 2581 utmagnus
1075 2509 1109 2565 tui
1122 2524 1204 2565 sonus

411 2621 442 2675 in
455 2633 552 2689 niagno
566 2613 672 2672 silentio
685 2611 771 2668 cordis
782 2610 803 2674 ⁸,
819 2607 925 2684 quando
939 2619 1033 2675 magna
1049 2618 1114 2659 voce
1127 2602 1201 2667 dicit,

410 2711 492 2767 Salus
506 2719 551 2764 iun
564 2724 609 2779 eqo
621 2721 687 2761 sunt.
698 2702 756 2766 llic,
772 2701 868 2770 inquit,
879 2700 971 2753 ammte
983 2712 1054 2761 meoe,
1070 2696 1149 2750 Solus
1159 2705 1203 2750 tun

406 2809 529 2875 quiunt
541 2798 627 2870 (Psoi.
642 2810 731 2858 xxxiv,
741 2794 778 2864 3).
793 2792 834 2846 Ab
846 2790 895 2845 lino
907 2803 982 2853 voce,
992 2802 1043 2857 qua
1056 2786 1120 2843 dicit
1133 2785 1203 2842 Deus

404 2896 521 2959 anianae,
530 2891 607 2947 Salus
619 2898 715 2958 tuueqo
726 2891 917 2953 iniquinatus
931 2878 1080 2935 sileatuiuln
1094 2879 1148 2933 ilio.
1160 2878 1203 2934 lile

402 2986 487 3041 silens
501 3000 518 3037 a
532 2998 581 3036 me.

447 3078 492 3133 at.
508 3074 633 3142 Quoniam
646 3070 783 3141 inquilinus
797 3083 842 3138 eqo
855 3081 911 3119 suni
932 3064 1001 3135 apud
1016 3075 1049 3118 te.
1064 3062 1116 3119 Sed
1131 3063 1200 3133 apud

403 3168 513 3242 quem*
527 3163 687 3239 inquilinus?
697 3161 773 3232 Apud
786 3158 919 3214 diabolum
932 3172 991 3212 cum
1006 3171 1104 3220 esseni,
1116 3156 1202 3225 inqui-

403 3262 575 3326 linuseram,
586 3256 634 3312 sed
647 3255 744 3313 innluin
758 3249 956 3308 dominantum·
971 3247 1099 3303 habenam
1113 3265 1119 3299 ;
1132 3262 1202 3303 nunc

401 3366 499 3412 autom
511 3355 564 3425 jaso
573 3351 679 3422 quidam
692 3345 760 3417 opud
768 3355 805 3410 ιι,
814 3343 860 3400 sed
869 3342 955 3397 adhuc
967 3340 1121 3411 inquilinus.
1131 3338 1201 3407 Quid

402 3460 469 3516 est,
482 3444 640 3518 inquilinus?
653 3440 729 3498 Unde
750 3441 909 3508 migraturus
921 3449 996 3498 sum,
1013 3448 1065 3488 tion
1081 3431 1123 3489 uin
1138 3446 1199 3502 per-

350 3574 368 3593 ·
403 3555 492 3614 petuo
505 3534 714 3595 mansuetudini
728 3539 854 3603 perpmuo
866 3544 925 3584 sum
940 3525 1200 3589 mansuetandicatun

400 3637 505 3691 ultimus
518 3645 577 3687 men
589 3646 596 3683 ι
609 3627 678 3683 unde
691 3625 850 3695 migraturus
863 3636 932 3684 sum,
942 3619 1085 3690 inquilinus
1098 3634 1156 3674 sutn
1169 3618 1197 3670 ⁸:

400 3728 457 3785 sed
481 3735 569 3782 tamen
582 3719 652 3792 apud
668 3720 749 3773 Deum
764 3730 852 3771 meum
872 3728 931 3768 sum
952 3700 1114 3781 inquilinus,
1130 3710 1199 3781 apud

401 3837 487 3894 quant
499 3819 580 3876 domo
600 3823 708 3885 accepta
722 3822 862 3865 mansurus
881 3821 949 3862 sum.
966 3804 1017 3860 Sed
1031 3819 1091 3874 qum
1103 3803 1198 3859 donnus

401 3924 460 3979 est,
470 3926 524 3983 qno
536 3904 703 3979 migrandum
716 3909 757 3956 est
768 3913 801 3954 ιι
815 3899 866 3953 lioc
878 3895 1052 3966 inquilinatu?
1062 3894 1199 3964 Recogno-

402 4006 474 4059 scite
489 4003 561 4056 illam
576 4000 700 4056 dunum,
716 3993 750 4047 de
763 4006 813 4060 qua
828 3989 892 4042 dicit
906 3986 1048 4056 Aptisiolos
1065 4003 1071 4037 ε
1091 3984 1198 4039 llnlitu·

402 4098 501 4150 tionem
513 4092 630 4147 iubemus
642 4104 672 4141 ιι
682 4085 743 4149 Deo,
753 4082 854 4136 domum
867 4096 916 4134 nou
924 4096 999 4132 ntnnu
1014 4081 1116 4148 fusioni,
1126 4087 1199 4131 inter·

403 4203 468 4241 num
480 4185 507 4239 in
519 4182 586 4236 coelis
601 4179 635 4251 (ll
648 4176 707 4232 Cor.
723 4192 755 4243 u,
772 4174 809 4244 l).
825 4173 852 4228 Si
866 4173 960 4226 domus
975 4170 1031 4224 Ιιιι
1042 4180 1141 4223 aterno
1157 4177 1199 4224 est

403 4278 601 4340 incoelis;cttm
610 4271 643 4325 nd
656 4286 713 4325 enin
723 4266 883 4327 innuimus,
892 4262 1012 4332 inquilini
1027 4261 1195 4316 nonosimos.

401 4365 624 4440 Quonutdoenim
633 4362 686 4416 eris
697 4357 839 4427 inquilinus
852 4355 877 4407 iu
886 4362 984 4407 ¹meina
992 4351 1088 4405 domo?
1097 4352 1197 4406 llicau·

404 4475 463 4519 tom
478 4461 521 4516 ulii
534 4458 654 4515 diutinus
666 4463 706 4509 est
721 4452 848 4505 llonnous
862 4446 967 4508 domus,
978 4446 1067 4514 iligen,
1077 4453 1103 4505 et
1113 4459 1197 4514 quan-

402 4556 445 4611 do
455 4555 572 4610 dicturus
583 4558 624 4604 est
636 4546 741 4607 iioscis,
754 4549 861 4612 paratos
875 4546 942 4592 esto.
959 4535 1136 4590 Desiilesando
1150 4550 1197 4588 nu·

402 4653 463 4699 tom
476 4642 584 4699 domum
595 4647 719 4692 suminam
733 4640 840 4703 paratus
853 4628 916 4683 oris.
926 4626 981 4681 Nec
992 4639 1149 4681 succenseas
1160 4626 1193 4689 oi,

400 4736 470 4807 quis
483 4748 543 4788 cum
557 4730 614 4785 tuli
626 4728 704 4789 dicit,
719 4724 811 4792 iligna.
830 4719 888 4773 Non
905 4719 974 4772 enim
989 4717 1140 4771 cautionem
1155 4724 1196 4771 te·

398 4826 491 4881 cutti'
506 4824 584 4885 lenit,
599 4828 627 4875 ιι
640 4817 736 4888 placito
747 4811 862 4884 quodam
875 4825 904 4867 se
916 4809 1075 4872 obstrinxit,
1089 4817 1115 4863 et
1129 4825 1195 4864 oon-

398 4914 604 4972 ‹liotornomos
616 4905 750 4963 accessisti
758 4911 828 4959 certo
839 4900 965 4970 pensione
975 4897 1008 4954 ud
1019 4908 1119 4953 certum
1129 4907 1195 4953 tem-

394 5022 460 5074 pus
475 5027 483 5062 z
496 5002 602 5076 quaudo
615 5000 670 5056 vult
684 4995 809 5052 Dominus
823 4992 891 5063 ejus,
906 4991 1064 5060 migraturus
1077 5004 1116 5044 es.
1134 4988 1195 5046 ldeo

440 5112 447 5141 ¹
465 5121 555 5183 utiquo
566 5124 632 5165 uss:
645 5119 724 5162 nome
735 5112 799 5159 tmto
809 5103 886 5168 muqis
896 5100 961 5167 quod
971 5100 1044 5152 abest.

444 5185 499 5232 *sis
508 5177 616 5229 melioris
633 5180 697 5224 notae
715 5180 766 5220 uss.
779 5168 835 5217 ιιι.
845 5178 921 5216 veno:
934 5170 1108 5233 nnutequmto
1118 5163 1198 5230 mauis,

392 5249 517 5317 ειιιιιιιι
528 5236 658 5312 ιςιιιιιια,
681 5240 768 5297 quanin
782 5228 858 5293 tnnqt's
867 5222 973 5277 ιιιιιιάιιι
983 5224 1111 5288 inquens,
1130 5232 1194 5276 noun

444 5432 497 5480 ‘sia
506 5435 558 5476 uss.
571 5432 599 5474 nt
609 5421 674 5471 adds:
687 5417 731 5469 sed
740 5417 806 5489 opud
817 5421 839 5465 te
850 5411 988 5484 utquslmus.
1105 5473 1111 5483 Ι
1163 5480 1169 5488 .

443 5489 530 5548 ἰῶ,
542 5484 673 5538 nonnum.
686 5489 739 5531 uss.
746 5480 845 5541 aliquot,
855 5476 996 5549 naumann,
1007 5472 1143 5545 sudvenus
1151 5480 1194 5544 ta·

375 5551 452 5603 tie.
464 5558 511 5603 etit
547 5584 565 5604 .,
574 5543 744 5598 dninnoedium.
755 5547 811 5589 nam
821 5534 1194 5609 mmnaeuussqodomnaeoios

375 5611 494 5663 diuisor
543 5607 726 5664 lundominus,
745 5607 946 5673 opponunturque
966 5610 1070 5670 innuant
1090 5595 1194 5646 domna*-

367 5674 465 5727 utus
473 5682 499 5724 et
509 5670 645 5737 inquilinus.
655 5667 713 5737 tiiuo
721 5662 831 5734 Paulinus
840 5661 942 5711 nolanus
948 5658 1053 5738 Felicem
1063 5668 1193 5732 martynum

374 5735 569 5815 damnationis
579 5744 650 5803 suum
661 5734 764 5810 vocitat,
777 5731 803 5773 et
814 5737 838 5795 tn
851 5721 965 5825 eumdem
974 5719 1078 5833 ttdautlanl'l,
1091 5729 1174 5810 cami:

470 5803 601 5921 siusili
609 5791 1003 5926 tilimtifffinntu
1015 5844 1086 5916 nus

471 5923 523 5986 lqss
534 5932 611 5974 mets,
622 5916 710 5987 qubus
718 5919 756 5960 est
765 5907 1001 5978 ioemdomogunus,
1009 5914 1068 5978 ιιι

445 5986 455 6017 ⁸
465 5986 529 6035 ndu:
542 5979 609 6033 unde
619 5981 767 6043 nuqrntiuus
776 5985 839 6032 sunt,
861 5969 939 6044 mults
950 5978 992 6041 que
1004 6004 1011 6028 ,
1027 5980 1082 6038 joni
1091 5975 1192 6037 moqnus

383 6039 539 6110 *aiquilinus
547 6055 610 6095 uon.
621 6047 650 6090 ιι
667 6042 813 6089 nassonem
829 6033 911 6084 vernis
930 6027 1077 6094 umquam
1088 6035 1192 6090 ateium

381 6112 560 6222 'Wlfflin-s
571 6162 673 6227 uua,
685 6159 749 6226 neu

1262 773 1332 829 onim
1344 778 1425 845 gnatis
1439 793 1538 831 monos.
1551 779 1617 847 Quia
1631 782 1767 851 inquilinus
1780 800 1825 853 eqo
1836 802 1891 841 sum
1905 790 2051 857 nundinet

1260 883 1413 936 pereqrinus.
1430 868 1500 938 Ergo
1512 871 1546 925 ibi
1560 874 1654 940 patrio,
1664 875 1699 941 ibi
1714 876 2049 953 doinuszinquiiinusupud

1259 966 1290 1021 te,
1301 968 1323 1011 ιι
1335 961 1492 1030 peiuqrinus.
1502 962 1534 1016 Et
1547 962 1588 1017 liic
1601 965 1757 1022 sultauditur
1767 966 1836 1039 opud
1848 982 1880 1023 ιι.
1890 971 1962 1026 liulti
1976 976 2047 1030 euim

1258 1051 1388 1119 peregrini
1403 1061 1465 1108 sunt
1478 1067 1538 1106 cuin
1553 1053 1660 1109 diabolo
1676 1074 1682 1109 ε
1698 1059 1743 1127 qui
1757 1067 1845 1115 autem
1857 1060 1912 1129 jani
1925 1062 2047 1121 credide-

1257 1147 1319 1192 runt
1332 1150 1359 1195 et
1374 1141 1465 1197 lideles
1480 1154 1550 1206 snut,
1563 1149 1693 1216 peregrini
1707 1149 1814 1219 quidem
1826 1159 1898 1220 sunt,
1909 1152 1969 1222 quia
1981 1170 2047 1211 non-

1256 1227 1318 1283 dum
1333 1232 1366 1285 atl
1387 1233 1459 1287 illum
1476 1236 1586 1304 patriam
1609 1237 1769 1310 domumque
1782 1253 1930 1309 venenant,
1944 1245 1991 1302 sed
2005 1255 2046 1301 ta·

1256 1336 1316 1375 iiten
1332 1324 1400 1391 nond
1424 1324 1505 1379 linum
1521 1336 1593 1381 suut.
1617 1330 1743 1394 Quamdiu
1757 1334 1822 1386 enim
1842 1349 1929 1389 numm
1941 1334 1969 1389 in
1987 1353 2041 1391 eor·

1256 1427 1332 1478 nore,
1349 1414 1535 1484 pereqrinoniur
1550 1435 1565 1469 o
1580 1417 1688 1476 iioni'no
1704 1439 1713 1475 :
1729 1432 1750 1476 ιι
1770 1424 1909 1488 anninus,
1932 1426 1983 1480 siue
2005 1427 2046 1481 liic

1255 1516 1391 1569 monumen,
1408 1509 1458 1562 situ
1473 1513 1669 1579 neieqiinontet,
1684 1515 1809 1578 nlnueutes
1822 1515 1860 1568 illi
1873 1533 1925 1572 esse
1938 1517 1972 1587 (ll
1984 1518 2043 1574 Cor.

1255 1614 1297 1662 ut,
1320 1597 1358 1669 9).
1377 1600 1408 1653 Et
1423 1604 1568 1671 peregrinus
1589 1615 1612 1656 ιι
1635 1606 1772 1676 inquilinus
1788 1624 1798 1659 .·
1810 1610 1874 1664 sieut
1896 1626 1981 1663 ontnes
1996 1627 2044 1681 pu·

1255 1697 1304 1739 tres
1328 1690 1385 1741 inei.
1408 1689 1435 1745 Si
1458 1706 1522 1761 erqo
1545 1693 1615 1748 siout
1636 1709 1729 1750 omues
1751 1705 1848 1765 patros·
1862 1699 1932 1766 mei,
1957 1700 2043 1755 dictu·

1255 1794 1300 1834 uus
1320 1798 1378 1835 sum
1403 1799 1446 1839 nte
1469 1798 1522 1838 uon
1548 1787 1740 1856 migraturum,
1763 1803 1823 1844 cum
1847 1790 1886 1845 illi
1909 1792 2043 1862 migram-

1255 1870 1328 1921 uiut?
1344 1872 1400 1925 illia
1414 1874 1566 1930 conditione
1581 1892 1720 1934 utuusurus
1735 1896 1810 1945 sum,
1826 1896 1906 1951 quam
1919 1882 1956 1938 illi
1969 1897 2045 1937 man·

1254 1963 1367 2015 sonunt?

1289 2050 1333 2104 ιι.
1346 2049 1419 2124 [ιιι.
1438 2054 1492 2129 ιι.)
1503 2056 1570 2123 Quid
1584 2074 1647 2130 eigo
1663 2068 1895 2132 restitutionum,
1910 2065 1972 2135 quia
1982 2063 2045 2122 ltine

1254 2141 1312 2197 sino
1327 2143 1407 2199 dubio
1420 2145 1580 2217 migraturus
1593 2151 1670 2205 sum?
1683 2150 1809 2207 lleoiitte¹
1824 2154 1887 2208 iiiiii
1899 2164 1927 2207 ut
1940 2155 2044 2227 relriqe·

1253 2251 1294 2289 rer
1307 2238 1453 2309 priusquam
1467 2258 1531 2295 eoin.
1549 2243 1631 2309 Vide,
1653 2244 1714 2301 vido
1734 2244 1856 2313 idithun,
1873 2262 1939 2317 quos
1959 2247 2045 2305 nodos

1254 2327 1352 2386 liutbeas
1367 2332 1540 2388 remittendos
1556 2334 1618 2399 tilii,
1642 2336 1737 2396 tutibus
1751 2337 1870 2393 remissis
1891 2337 2043 2410 rurigeruni

1253 2424 1292 2475 uis
1308 2423 1459 2494 priusquam
1472 2441 1528 2481 aas.
1547 2426 1633 2481 llolies
1647 2429 1715 2482 enim
1730 2429 1832 2499 aliquos
1844 2438 1941 2498 astus,
1956 2446 1970 2484 a
1986 2432 2044 2503 qni·

1253 2512 1302 2567 bus
1312 2515 1352 2569 vis
1364 2515 1531 2587 refrigerari,
1548 2527 1575 2572 et
1586 2514 1670 2582 diois,
1686 2520 1847 2591 Refriqetm
1859 2532 1887 2578 et
1895 2522 1977 2589 dicis,
1994 2523 2044 2579 lle·

1253 2604 1405 2660 mittemini.
1419 2607 1488 2675 Quid
1501 2610 1614 2668 remittit
1633 2610 1686 2672 nni,
1700 2611 1749 2665 nisi
1765 2611 1834 2668 nisu
1847 2613 1919 2668 illum
1932 2628 2043 2685 serupu-

1253 2697 1307 2754 lum
1321 2699 1364 2754 ubi
1377 2700 1461 2768 dicis,
1477 2711 1503 2757 ιι
1515 2702 1585 2758 undo
1596 2703 1663 2760 dicis
1679 2722 1686 2759 z
1703 2703 1806 2760 Dimitte
1816 2704 1887 2760 nolis
1898 2706 1981 2761 delita
1995 2725 2043 2762 no·

1252 2799 1305 2845 stru
1318 2790 1424 2862 (ilnttli.
1439 2809 1482 2858 vi,
1500 2793 1566 2865 tuit,
1578 2793 1686 2853 lienuitts
1700 2797 1761 2851 ntilti
1772 2799 1917 2869 priusquam
1928 2815 1998 2865 enm,
2019 2809 2043 2855 ιι

1251 2884 1421 2954 umpiinsjom
1431 2901 1540 2940 ιιιινο.
1550 2886 1696 2944 lnimunem
1710 2903 1753 2944 me
1760 2887 1824 2943 lana
1833 2890 1948 2959 pascuiis
1957 2890 2043 2962 prius·

1251 2991 1330 3044 quani
1343 2991 1412 3041 eain,
1423 2992 1456 3032 ne
1469 2992 1528 3032 cum
1541 2979 1658 3047 maeatis
1670 2994 1740 3034 eam.
1751 2980 1865 3035 Remitte
1878 2980 1952 3048 milti,
1962 2992 1990 3037 ut
1999 2998 2043 3039 ιι-

1251 3067 1385 3136 qniesoam
1400 3068 1427 3121 io
1441 3068 1602 3125 consolantia
1617 3084 1691 3132 men,
1714 3079 1743 3125 ut
1764 3082 1907 3129 oxonemta
1921 3074 1956 3128 sit
1975 3083 2043 3130 astu

1252 3162 1435 3217 sollicitudinis
1452 3182 1458 3215 :
1474 3177 1525 3233 qna
1537 3164 1717 3220 sollicitudine
1731 3179 1821 3220 comm
1833 3181 1898 3236 gero
1916 3182 1964 3236 nio
1979 3182 2042 3237 pec-
2090 3195 2093 3199 *

1250 3259 1310 3308 cato
1319 3253 1575 3309 manumittimus
1588 3263 1615 3307 ιι
1625 3255 1768 3326 reinqerer,
1777 3266 1838 3312 ante
1850 3258 1949 3325 omnia,
1959 3259 2042 3328 prius·

1250 3361 1326 3416 quunt
1337 3360 1410 3408 eom,
1426 3355 1448 3399 ιι
1462 3345 1570 3417 ontplius
1580 3346 1635 3410 iant
1651 3362 1702 3402 nun
1719 3363 1770 3402 ιιι.
1786 3347 1813 3406 bi
1825 3349 1896 3404 enim
1911 3349 2041 3407 miltinnn

1251 3438 1387 3494 remiseris
1396 3446 1424 3492 ut
1432 3437 1581 3509 refrigerer,
1590 3438 1667 3497 iboet
1675 3452 1728 3495 non
1741 3453 1797 3497 oio.
1805 3439 2040 3513 Priusquamuon:
2136 3448 2141 3454 ’

1251 3531 1325 3600 quo¹
1339 3530 1362 3584 si
1375 3529 1441 3595 iam,
1453 3529 1509 3599 jam
1522 3545 1575 3584 nou
1588 3544 1646 3586 eto.
1662 3529 1770 3586 Remitte
1783 3532 1844 3586 mili
1856 3544 1882 3586 ut
1896 3535 2040 3606 refriqerer.

1250 3619 1298 3674 Est
1311 3620 1422 3689 quaestio
1436 3621 1540 3684 oborta,
1551 3618 1685 3690 quomodo
1695 3621 1749 3690 jam
1765 3637 1817 3676 non
1831 3622 1892 3678 erit.
1904 3623 1972 3679 Ecce
1985 3624 2039 3694 iam

1249 3728 1302 3767 non
1317 3714 1337 3768 it
1347 3713 1380 3769 ad
1389 3711 1525 3773 reditium?
1535 3711 1611 3779 Quod
1620 3721 1723 3768 avertat
1733 3713 1803 3769 neus
1814 3714 1848 3769 ali
1859 3713 1978 3771 lditliun!
1991 3715 2039 3772 tuit

1248 3803 1318 3858 enim
1332 3803 1411 3874 plano
1424 3801 1546 3867 idithun,
1560 3802 1594 3857 ad
1605 3803 1722 3872 reqttiem
1736 3802 1792 3858 ibit.
1806 3803 1858 3859 Sed
1872 3803 1912 3859 loo
1923 3805 2037 3876 aliquem

1249 3895 1376 3964 iniquum,
1392 3911 1445 3949 nou
1458 3895 1574 3961 lditiiun,
1586 3909 1639 3949 noo
1653 3895 1862 3960 transilientem
1876 3895 1920 3952 liic
1932 3897 2038 3959 thesau-
2079 3947 2083 3953 .

1248 3985 1386 4047 tinnitum,
1406 3983 1597 4049 insultatorem,
1614 3985 1743 4055 iniquum,
1758 3986 1912 4055 superbum,
1932 3987 2036 4056 jactan-

1249 4085 1317 4140 tem,
1333 4077 1447 4143 elatum,
1463 4078 1586 4146 postponis
1598 4086 1660 4130 anto
1670 4075 1778 4146 januam
1789 4076 1902 4146 jacentis
1914 4086 2036 4133 contom-

1248 4177 1350 4235 ptorotn
1367 4184 1373 4218 ε
1390 4181 1478 4222 ιιιιι
1491 4175 1519 4221 ιι
1532 4168 1587 4235 ipse
1600 4167 1668 4221 erit?
1682 4166 1749 4234 Quid
1761 4177 1802 4222 est
1813 4182 1893 4237 erqo,
1909 4183 1959 4225 non
1971 4171 2037 4229 ero?

1247 4257 1274 4312 Si
1288 4258 1358 4312 onim
1370 4257 1443 4317 dines
1457 4257 1501 4312 illo
1514 4273 1566 4311 non
1581 4266 1648 4321 erut,
1660 4257 1718 4325 quis
1732 4266 1773 4311 ast
1784 4256 1829 4328 qui
1841 4258 1967 4314 ardebat?
1976 4260 2036 4331 quia

1247 4359 1288 4404 est
1296 4352 1338 4418 qui
1348 4359 1447 4418 guttam
1456 4349 1572 4419 aquude
1583 4349 1665 4419 digito
1673 4349 1765 4405 lazari
1777 4351 1872 4406 stillari
1884 4352 1910 4407 in
1920 4353 2035 4425 linquam

1247 4457 1326 4497 soouu
1336 4442 1521 4499 desideriunt?
1535 4443 1593 4512 quis
1606 4452 1646 4496 ost
1659 4442 1704 4512 qui
1718 4442 1823 4499 dicebat
1838 4460 1845 4496 ι
1862 4442 1940 4501 Putes
1952 4447 2035 4502 illru-
2119 4516 2120 4520 Ἰ

1247 4537 1317 4600 liunt,
1330 4535 1395 4592 mitte
1408 4534 1536 4591 Loaosum
1549 4535 1625 4606 (Luc.
1640 4552 1693 4603 xvi,
1702 4535 1872 4607 lllllltique
1884 4540 1930 4609 qui
1945 4541 2035 4611 loque·

1246 4638 1320 4683 reim
1329 4627 1405 4693 siat,
1419 4635 1446 4682 ιι
1457 4627 1502 4696 qui
1515 4626 1622 4683 arderet
1633 4636 1692 4682 ιιιι
1707 4644 1713 4680 :
1730 4638 1756 4682 et
1769 4628 1814 4698 qui
1827 4640 1949 4700 resurgat
1961 4631 1988 4685 in
2002 4633 2033 4685 ti·

1246 4736 1316 4775 nuin.
1326 4722 1355 4778 ot
1368 4719 1412 4790 qui
1424 4734 1484 4772 cum
1498 4718 1602 4773 diabolo
1613 4729 1713 4774 aterno
1725 4719 1786 4789 igno
1797 4718 1947 4776 damnetur.
1963 4720 2032 4792 Quid

1245 4820 1437 4882 estnequam
1452 4826 1503 4873 ero,
1518 4810 1570 4865 uisi
1584 4812 1708 4880 respiciat
1720 4813 1771 4868 iste
1786 4810 1901 4880 lditliun,
1915 4814 1977 4885 quid
1993 4826 2035 4870 ost
2108 4861 2113 4870 .

1245 4911 1351 4968 essuos
1362 4900 1697 4956 nonesseilliilobutsnim
1711 4902 1783 4956 illum
1796 4904 1884 4966 linem,
1894 4905 2033 4972 totocorde

1244 5004 1364 5065 poterat,
1379 5010 1429 5063 qua
1451 4995 1548 5049 mentis
1561 4994 1617 5049 neie
1630 4994 1751 5061 valebat,
1765 5010 1844 5064 quom
1857 4982 1907 5050 sibi
1928 4996 2033 5052 ostendi

1244 5085 1441 5139 desiderauerat
1452 5082 1543 5139 dicens
1560 5101 1566 5136 :
1584 5082 1680 5137 Notum
1693 5082 1733 5153 loe
1746 5083 1945 5152 mitialianum,
1957 5087 2033 5155 finem

1244 5193 1336 5231 meum.
1352 5176 1464 5232 Videbat
1477 5192 1566 5231 numet
1575 5191 1615 5231 tm
1629 5176 1731 5231 dierum
1744 5191 1852 5232 suorum
1865 5180 1908 5248 qni
1923 5191 1965 5235 est
1975 5197 1981 5233 :
1993 5191 2032 5236 ut·

1245 5268 1370 5324 tendehat
1380 5268 1448 5322 iulia
1460 5269 1549 5322 omnia
1563 5282 1621 5336 quae
1634 5275 1705 5331 sunt,
1715 5267 1741 5320 in
1754 5270 1950 5336 comparatione
1963 5271 2032 5328 iliius

1243 5379 1313 5430 esse,
1325 5378 1377 5417 mm
1389 5377 1466 5425 osse3
1481 5369 1551 5416 etse
1564 5374 1617 5414 noo
1630 5374 1690 5414 esse
1704 5359 1819 5415 dicabat.
1834 5361 1877 5416 liis
1890 5362 1960 5418 enim
1972 5379 2032 5433 por·

1243 5463 1366 5518 maiient;
1378 5454 1428 5506 ista
1442 5451 1575 5505 mutabilia
1590 5460 1661 5516 suot,
1673 5452 1805 5518 mortalia,
1817 5451 1918 5522 lraqilia
1928 5469 1937 5510 a
1947 5464 1976 5511 ιι
1984 5454 2034 5511 do·

1244 5549 1285 5603 lor
1298 5549 1354 5617 ipse
1366 5555 1498 5610 autemus,
1512 5542 1605 5612 plenus
1615 5543 1809 5613 corruptionis,
1824 5542 1857 5601 ad
1870 5543 1921 5601 lton
1934 5561 1986 5601 non
2000 5545 2032 5601 d·-

1241 5642 1322 5704 nitur,
1333 5648 1362 5693 ut
1372 5638 1429 5692 sion
1443 5636 1495 5692 line
1508 5634 1624 5690 liniatur.
1635 5636 1761 5706 Respexit
1772 5639 1945 5707 eiqobeatam
1959 5639 2032 5697 illata

1242 5732 1388 5802 regionem,
1403 5728 1506 5783 beatom
1522 5726 1644 5798 patriam,
1658 5727 1762 5783 beatam
1777 5729 1895 5792 domum.
1910 5732 1953 5785 ubi
1968 5745 2032 5800 nar·

1243 5827 1336 5896 tioipes
1345 5833 1406 5879 sunt
1418 5823 1502 5877 sancti
1511 5822 1573 5879 nitu
1584 5823 1754 5891 sempiternas
1764 5834 1844 5894 atque
1856 5824 2032 5881 incommuta·
2131 5856 2137 5865 ·

1273 5964 1343 6019 ¹sr.‚
1362 5958 1454 6011 dintitte
1473 5971 1519 6010 me.
1540 5966 1607 6020 ιιι,
1625 5956 1719 6011 renuis
1740 5971 1788 6009 me.
1811 5964 1840 6010 ιι
1857 5964 1920 6019 tiss,
1937 5957 2027 6013 dissitis

1241 6023 1310 6083 miii,
1321 6031 1378 6080 aut,
1390 6020 1483 6088 eentitte
1493 6020 1561 6071 ntilii.

1274 6090 1284 6117 ¹
1296 6093 1332 6134 ιι.
1344 6094 1370 6135 ιι
1380 6093 1501 6142 ιιιιιιι,
1513 6083 1614 6146 quom
1728 6080 1950 6132 homunculorum
1959 6080 2024 6135 luco:

1244 6155 1284 6201 su
1295 6145 1393 6211 quouis
1403 6144 1494 6208 ιιι-ιι,
1506 6080 1735 6197 ”omnuim
1746 6142 1838 6192 inanem
1847 6140 1902 6203 uisi,
1913 6139 1951 6195 t't‘t.

1999 656 2143 735 tsn'
