5025 6925
438 695 493 753 nse
980 678 1174 742 mannsmo
1192 674 1223 731 m
1241 674 1402 737 assistunt
1422 681 1487 739 um.
1520 655 1522 658 ’
2000 705 2051 762 ,6,

438 815 499 870 teuit
512 816 538 868 ia
551 812 621 868 rtoiir
632 811 721 886 (ioan.
734 827 753 878 ι,
767 773 819 882 iti.
832 809 935 866 Etenim
947 809 1044 863 dieitur
1055 821 1118 862 caro
1129 805 1219 869 bomo.
1276 801 1354 858 iromo
1368 806 1435 875 ipse,
1448 807 1503 875 iam
1517 823 1580 866 earo
1594 811 1649 882 ipsa
1660 855 1668 879 ,
1680 815 1734 884 lam
1748 816 1829 886 iilius
1840 820 1895 884 het,
1908 826 2051 880 secundum

438 908 508 961 simp
526 906 580 962 2150
602 905 661 961 1000
682 906 746 961 dicti
766 905 911 974 Scriptura,
926 901 959 957 lit
970 902 1061 957 ridebit
1071 900 1151 956 omnir
1162 914 1221 953 curo
1275 902 1393 949 nostram
1407 899 1634 970 participationem
1648 906 1814 963 manifestum
1823 920 1873 977 est,
1889 914 1949 982 qnia
1963 915 2052 970 saira-

437 997 550 1049 „mm
566 993 615 1048 p„
626 993 701 1068 (1505,
721 1010 764 1061 χι,
778 995 795 1051 5
807 1010 814 1057 ;
829 992 892 1047 ine.
905 1008 951 1056 m,
966 992 1005 1062 d).
1016 988 1146 1061 Numquid
1159 1002 1223 1043 earo
1276 996 1318 1041 tus
1327 994 1377 1049 est.
1387 998 1414 1045 et
1426 990 1496 1046 misit
1507 992 1616 1050 decoeio
1628 996 1714 1065 Pater,
1729 1009 1756 1055 et
1769 1001 1878 1057 salvavit
1891 1019 1968 1070 eum:
1983 1008 2054 1064 misit

438 1087 495 1142 stria
510 1086 622 1150 ridebit.
635 1097 662 1142 et
676 1087 762 1141 anima
777 1085 812 1141 ibi
828 1084 963 1140 nouerit?
978 1084 1073 1138 iterum
1087 1082 1148 1138 dicit
1165 1082 1222 1148 ipse
1274 1080 1308 1136 de
1320 1083 1388 1138 coeio
1402 1091 1428 1139 et
1439 1087 1605 1142 resuscitavit
1626 1106 1706 1146 earm:
1721 1094 1767 1148 sed
1790 1106 1818 1148 nt
1844 1098 1969 1153 noveritis
1994 1101 2055 1169 qnia

439 1178 568 1235 Dominus
589 1179 623 1234 de
644 1178 814 1234 bominibus:
830 1177 901 1232 Sicut
920 1177 1010 1238 dedisti
1031 1176 1055 1229 ei
1077 1183 1222 1245 potestatem
1275 1182 1301 1226 et
1309 1172 1379 1242 ‘ipse
1391 1174 1518 1231 Dominus
1539 1193 1568 1233 se
1587 1181 1766 1248 resuscitarit;
1780 1194 1919 1258 utrumque
1940 1191 2054 1259 positum

438 1271 521 1326 omnis
540 1269 735 1344 cernimini.
747 1287 811 1334 sun.
826 1267 872 1340 ἲ).
886 1266 1017 1338 Numquid
1031 1268 1055 1321 in
1068 1266 1151 1320 soiam
1161 1279 1221 1318 ear·
1274 1273 1315 1319 est
1341 1266 1367 1319 in
1391 1264 1608 1340 Summuranum
1633 1283 1660 1327 et
1677 1275 1754 1331 Pater
1775 1277 1847 1332 ilium
1872 1277 2054 1349 resrrscttarit,

438 1378 502 1416 nem
515 1372 653 1431 acceperat
668 1369 871 1430 potestatem‚et
885 1374 936 1448 non
948 1358 1062 1413 maxime
1073 1357 1098 1410 in
1109 1355 1221 1420 animas,
1274 1366 1302 1412 et
1327 1359 1388 1427 quia
1419 1360 1474 1426 ipse
1500 1376 1530 1417 se
1556 1368 1731 1423 resuscitarit.
1759 1370 1854 1426 Audite
1883 1375 1943 1443 qnia
1977 1374 2057 1432 Pater

438 1469 508 1525 qaas
522 1454 644 1524 primitus
657 1453 880 1524 liberabatterqo
894 1451 1105 1514 ibieratanima,
1121 1447 1223 1502 ibierat
1275 1447 1348 1502 ilium
1373 1453 1538 1507 resuscitarit
1551 1470 1558 1506 :
1571 1455 1713 1525 bpnstuins
1737 1460 1814 1524 dicit,
1836 1460 1932 1519 Factus
1952 1475 2001 1527 est.
2016 1467 2058 1520 in·

438 1562 523 1611 earu,
539 1545 574 1601 ibi
588 1555 659 1601 tutus
670 1545 764 1611 bomo:
780 1556 806 1602 et
818 1556 889 1601 totus
908 1544 1061 1600 homocum
1076 1542 1182 1604 Verbo,
1196 1548 1223 1594 et
1275 1539 1340 1609 quit,
1363 1539 1480 1596 obediens
1498 1560 1577 1614 usque
1598 1546 1631 1599 ad
1651 1558 1882 1614 marmannorum
1900 1564 1983 1608 autem
1996 1572 2056 1608 cru-

441 1635 557 1696 Verbum
568 1652 628 1691 cum
637 1637 754 1704 hnmine‚
761 1648 789 1692 et
799 1638 915 1692 itomobt
925 1635 1039 1690 Verbum
1050 1648 1118 1688 unus
1129 1631 1221 1694 bomo,
1274 1629 1310 1682 cis
1321 1645 1331 1683 .·
1344 1641 1444 1710 propter
1456 1635 1523 1703 qaod
1536 1645 1558 1689 et
1575 1634 1641 1691 Dm
1661 1655 1718 1693 enm
1737 1643 1865 1705 excitauit,
1874 1655 1898 1698 et
1916 1645 2017 1700 donauit
2034 1647 2059 1702 ri

439 1739 469 1786 et
482 1729 600 1786 terbum
613 1739 640 1785 et
654 1729 736 1786 bomo
749 1743 817 1784 unns
832 1719 913 1784 Deus.
930 1727 1003 1793 Dicat
1016 1741 1089 1796 erqo,
1104 1722 1224 1777 Miserere
1275 1734 1364 1774 maren
1377 1722 1443 1790 quod
1454 1734 1491 1776 ert
1509 1740 1584 1793 super
1598 1743 1671 1781 onrrre
1689 1744 1777 1783 nonam
1791 1729 1917 1804 (Phiiipp.
1929 1749 1957 1799 ιι,
1969 1736 1995 1801 8,
2007 1734 2054 1805 9).

439 1821 500 1879 arrei.
515 1820 592 1882 bear,
605 1822 721 1876 inimare
734 1821 792 1875 mei.
802 1820 860 1876 ttnn
872 1833 1079 1890 expavescamus
1090 1807 1223 1885 roecspe·
1275 1810 1394 1866 Audistis
1405 1812 1508 1869 Patrem
1521 1818 1720 1874 resuscitantem
1733 1829 1761 1875 et
1774 1823 1933 1879 esalmmem
1943 1825 2036 1882 Filium
2047 1845 2055 1894 ;

440 1912 523 1967 tentis
542 1911 750 1967 miscricordiam
765 1921 793 1967 et
807 1910 965 1966 exhibentis.
982 1908 1043 1966 ideo
1056 1909 1126 1963 enim
1142 1907 1221 1975 petit,
1276 1898 1365 1955 audite
1378 1903 1438 1971 quia
1454 1905 1551 1971 etipse
1564 1920 1670 1963 caruem
1685 1924 1759 1965 suam
1774 1914 1962 1971 resuscitarit:
1980 1917 2006 1971 in
2022 1916 2056 1971 h-

439 2001 502 2071 qnia
517 2001 625 2057 exhibet
638 2018 646 2056 :
659 2002 694 2056 ad
708 2001 759 2057 boe
771 2002 842 2057 enim
862 2001 959 2065 borno,
979 2001 1040 2072 qnia
1055 1999 1221 2063 misericors
1274 2006 1338 2061 sitm
1354 1994 1443 2063 iefflhfi
1454 1994 1518 2050 dicit
1531 1996 1565 2053 ²⁶
1577 1996 1694 2067 dudm,
1709 1998 1934 2075 S⁰Q¹⁸¹0i0mtii¹⁸m
1950 2007 2013 2074 ¹¹⁰⁶,
2033 2016 2058 2062 ‘⁸

440 2108 495 2147 ῃοῃ
508 2104 536 2147 ιη
549 2093 709 2149 conditionis
723 2094 880 2150 messim
893 2103 1055 2156 mmmmm
1070 2092 1116 2148 sed
1130 2103 1159 2145 nt
1174 2106 1223 2145 nos
1274 2082 1302 2136 in
1320 2084 1403 2138 trt'dttu
1422 2086 1547 2141 suscitabo
1564 2089 1638 2142 t'iittd.
1652 2090 1818 2162 EvangeliSid
1832 2105 1920 2151 8111011]
1935 2098 2058 2166 exposui!
2092 2136 2098 2143 ·

440 2182 477 2237 (te
496 2182 648 2240 conditionis
674 2184 838 2240 „mimis
859 2184 992 2240 libamen,
1018 2184 1136 2239 mmm
1158 2183 1222 2250 met,
1276 2174 1351 2251 nobis
1363 2175 1424 2244 quid
1437 2175 1555 2233 diceret:
1573 2177 1629 2233 idue
1637 2177 1731 2248 ueteris,
1743 2182 1838 2252 inquit,
1849 2186 1945 2240 dicebat
1955 2188 1986 2241 de
1995 2198 2058 2241 tern-

442 2270 522 2338 Dm,
537 2275 653 2330 mimae
663 2276 727 2342 net,
746 2275 864 2346 monum
874 2277 900 2330 tn
912 2286 936 2330 te
946 2275 1144 2343 constituntur
1156 2290 1222 2327 sea.
1275 2263 1595 2338 ptoeorporoeutttoan.
1611 2285 1639 2336 n,
1652 2270 1852 2345 tasnatum
1870 2289 1934 2345 ergo
1950 2291 1982 2331 ex
1995 2291 2057 2346 per·

441 2365 526 2420 Audis
537 2367 691 2437 magistrum
705 2375 823 2423 orantem
833 2409 841 2432 ,
852 2366 924 2422 disce
936 2382 1023 2423 orare.
1037 2366 1076 2421 bd
1090 2366 1140 2422 boo
1152 2365 1223 2422 enim
1275 2366 1339 2409 ⁵⁰⁰³
1355 2358 1496 2425 diffindi,
1511 2373 1544 2414 0¹
1559 2374 1672 2429 Wifflffl
1690 2361 1816 2431 hminis,
1830 2380 1985 2436 eliberatini
1996 2383 2057 2423 w·

441 2460 548 2522 orarit,
563 2468 593 2513 ut
603 2458 712 2514 doceret
723 2473 801 2515 orare
812 2475 820 2515 ε
831 2458 892 2529 quia
907 2458 940 2513 ad
956 2459 1006 2515 hoe
1019 2471 1110 2528 passus
1122 2466 1180 2523 est,
1194 2465 1224 2511 nt
1275 2446 1317 2501 nis
1329 2448 1403 2514 dicit,
1420 2448 1618 2519 huicdecreto,
1631 2454 1762 2508 attritum
1777 2459 1836 2528 iecit
1847 2474 1898 2512 me.

440 2551 552 2607 doceret
566 2553 618 2621 pati
630 2569 637 2618 ;
651 2552 685 2607 ad
700 2551 751 2609 boe
771 2552 936 2619 resurrexit,
950 2561 981 2606 ut
995 2551 1103 2607 doceret
1115 2564 1224 2621 sperare
1310 2538 1336 2594 9-
1353 2538 1427 2593 hauh
1448 2541 1474 2595 ¹⁸⁸¹
1489 2542 1650 2612 opprobrium
1665 2545 1838 2602 macabnntea
1856 2565 1904 2604 me.
1916 2548 1966 2617 Qui
1984 2551 2057 2607 ilium

440 2644 675 2700 ramponem,
1275 2630 1571 2703 monstraremus-qui
1591 2646 1697 2691 mortun
1714 2637 1924 2705 insultaverunt,
1938 2643 1981 2713 qui
1998 2653 2057 2697 tan·

478 2733 505 2790 q,
518 2731 553 2789 qq
566 2735 593 2788 ι,
604 2734 693 2789 „qm
702 2734 800 2789 amm
809 2742 909 2788 mmm
918 2732 1039 2805 maso,
1050 2732 1128 2786 m
1140 2740 1223 2785 qm.
1275 2736 1353 2787 quam
1369 2722 1501 2780 huminem
1515 2726 1721 2796 crucifixerunt,
1736 2732 1796 2801 quia
1818 2733 1900 2789 ὓοοιο
1916 2750 1968 2790 non
1981 2737 2058 2792 intei-

439 2836 483 2880 ω,
494 2826 622 2896 imm·
635 2826 692 2881 Hoc
706 2826 783 2893 plane
797 2825 852 2896 jam
865 2835 936 2880 ‘oms
949 2824 1070 2879 (quipus
1081 2822 1167 2877 qim:
1181 2821 1225 2876 pte
1276 2812 1406 2875 leserunt.
1421 2813 1494 2870 dedit
1507 2831 1554 2872 eos
1569 2818 1596 2872 in
1608 2822 1791 2888 opprobrium.
1806 2823 1900 2880 Videte
1914 2826 1936 2880 si
1951 2842 2003 2882 non
2017 2836 2058 2882 est
2158 2858 2162 2872 ·

440 2925 524 2972 csse!
534 2932 585 2972 901
599 2926 701 2971 iiosm.
718 2916 777 2972 Non
796 2917 866 2971 essim
886 2917 939 2984 jam
959 2915 1062 2969 transiit
1082 2910 1222 2983 iniquitas,
1276 2902 1372 2960 saelum
1385 2925 1391 2959 Ζ
1404 2923 1456 2962 [ion
1468 2910 1580 2964 [littidum
1591 2912 1735 2979 eredimuS,
1747 2914 1793 2968 sed
1804 2917 1964 2986 corripidiuiii
1977 2934 2059 2989 dgiio·

439 3007 531 3062 adhue
543 3007 627 3063 ferret
639 3007 774 3077 iniquitas.
791 3007 824 3061 Et
839 3007 865 3060 in
881 3005 932 3061 hne
949 3004 1015 3060 dixit
1029 3003 1085 3073 ipse
1099 3002 1224 3058 hominus
1276 2998 1383 3074 seirpus.
1397 2998 1547 3056 Saevierunt
1558 3001 1642 3057 iudaei
1663 3004 1690 3058 in
1704 3004 1855 3073 Christum,
1874 3010 2059 3080 superbierunt

428 3099 629 3154 ⁴abundantiam
640 3099 754 3155 futuram
767 3098 912 3168 iniquitatis
922 3116 930 3153 ε
941 3096 1100 3167 thuorriam
1112 3095 1225 3149 abunde-
1276 3089 1303 3143 in
1316 3089 1468 3145 Christum:
1484 3093 1548 3147 obii
1564 3094 1591 3149 tn
1613 3096 1721 3153 ciuitate
1740 3098 1896 3155 Jerusalem.
1918 3102 1965 3158 Ubi
1987 3107 2057 3159 enim

441 3190 479 3244 trit
495 3190 630 3262 iniquiter,
643 3191 783 3263 refrigescet
797 3190 906 3244 einritm
925 3190 1073 3252 muttorum,·
1086 3187 1128 3258 qui
1142 3197 1224 3241 autern
1277 3182 1432 3250 regnabant,
1448 3183 1481 3237 ihi
1496 3187 1641 3252 tumebant,
1656 3187 1691 3242 ibi
1703 3182 1821 3246 cervices
1833 3202 1984 3249 erexerunt.
1996 3196 2059 3252 Post

442 3282 631 3350 peruenerit
652 3298 731 3353 eaque
750 3283 776 3335 in
798 3281 884 3351 fiuent,
904 3282 945 3335 tric
961 3280 1046 3334 minue
1058 3281 1104 3334 erit
1119 3278 1223 3350 (hiutth.
1277 3272 1541 3342 passionem-Domini
1551 3276 1675 3332 eradicati
1687 3278 1748 3335 inde
1757 3290 1875 3344 sunt;et
1888 3284 2059 3352 perdiderunt

441 3388 516 3437 xxm,
538 3372 601 3444 ih).
621 3374 686 3440 Quis
699 3383 787 3429 autem
799 3373 976 3442 perseverabit
991 3388 1074 3442 usque
1093 3372 1119 3427 in
1134 3373 1222 3438 tinem,
1276 3380 1397 3435 regnum,
1408 3366 1434 3421 in
1444 3382 1496 3437 quo
1506 3383 1595 3439 regem
1605 3368 1739 3425 Christum
1750 3386 1895 3442 agnoscere
1906 3377 2065 3452 noluerunt.¹

441 3464 613 3535 quoadusque
625 3475 743 3522 transeat
757 3466 900 3538 iniqnitasi
912 3465 961 3532 Qui
985 3464 1061 3520 inerit
1082 3465 1108 3520 in
1126 3465 1224 3520 Christi
1276 3457 1503 3526 Quemadmodum
1515 3462 1570 3516 dati
1585 3472 1646 3518 sunt
1659 3464 1685 3519 in
1696 3466 1878 3536 opprobrium,
1893 3470 2001 3526 ridete:
2016 3472 2059 3528 di·

441 3571 565 3626 oorpore‚
578 3557 623 3627 qui
637 3558 718 3613 inerit
728 3558 753 3612 in
765 3557 891 3614 membris
901 3557 1010 3620 Christi,
1025 3558 1171 3627 etampite
1181 3555 1224 3610 di·
1276 3551 1361 3620 tpersi
1384 3560 1446 3607 sunt
1468 3566 1517 3623 per
1537 3569 1632 3611 omnes
1652 3565 1761 3626 gentes,
1782 3574 1912 3631 nosquam
1931 3561 2060 3621 habentes

442 3648 538 3704 dharh
558 3649 711 3718 patientiam
732 3648 928 3718 perseverandi.
939 3647 1049 3703 Transis
1064 3657 1101 3711 tn,
1118 3658 1145 3701 et
1162 3661 1225 3703 ecee
1276 3641 1466 3709 stahihtatem,
1481 3658 1610 3716 nusquam
1625 3657 1725 3703 certam
1741 3649 1842 3707 sedem.
1854 3651 1996 3723 Propterea
2009 3636 2059 3711 aul

444 3739 607 3796 transierunt
625 3740 782 3796 tentationes
796 3750 862 3804 tuae3
883 3749 909 3795 et
928 3741 951 3794 is
964 3739 990 3793 in
1004 3739 1082 3793 ahiam
1095 3738 1175 3792 uitam
1197 3738 1224 3794 in
1276 3733 1428 3789 temadhuc
1441 3734 1524 3791 iudai
1538 3745 1610 3803 sunt,
1623 3747 1654 3792 ut
1667 3737 1763 3795 Libros
1783 3751 1889 3798 nostros
1908 3747 2059 3813 portentad
2162 3799 2171 3810 .

443 3826 523 3900 quatit
535 3829 622 3885 ierunt
634 3829 730 3895 sancti,
744 3829 766 3883 si
781 3826 889 3884 sanctus
902 3827 993 3884 itteris.
1008 3826 1034 3882 in
1045 3828 1122 3882 aliam
1138 3828 1225 3882 ierunt
1276 3823 1460 3880 contusionem
1474 3840 1559 3880 snam.
1574 3827 1685 3896 Quando
1698 3831 1905 3896 euimroiuums
1918 3834 2060 3891 ostendere

444 3927 575 3991 rrtartyres
587 3919 630 3974 :si
643 3929 743 3990 martyr
755 3917 847 3982 fueris,
865 3920 889 3972 ie
902 3927 936 3973 et
950 3927 977 3972 tu
998 3917 1024 3972 in
1042 3917 1120 3971 aiiam
1134 3917 1224 3971 uitam.
1276 3914 1462 3984 prophetatum
1475 3915 1620 3983 Christum,
1633 3920 1793 3988 proterimus
1807 3922 1918 3993 Paganis
1929 3925 1992 3980 istas
2002 3927 2059 3980 Lit-

442 4009 577 4083 Numquid
588 4010 649 4081 qnia
659 4023 687 4065 tu
698 4010 814 4067 transisti
826 4010 896 4076 bine,
911 4019 1047 4080 propterea
1057 4009 1111 4079 jam
1123 4008 1227 4064 transiit
1277 4015 1357 4062 teras.
1371 4007 1406 4062 Et
1416 4023 1449 4062 uc
1463 4007 1532 4064 iorte
1544 4009 1634 4065 dicant
1646 4010 1704 4066 duri
1721 4012 1754 4067 ad
1769 4013 1846 4070 ddem
1860 4019 1920 4086 qnia
1935 4033 1983 4071 nos
2002 4019 2060 4074 iiias

444 4103 589 4176 iniquitasi
604 4102 755 4159 Nascuntur
767 4102 811 4158 alii
824 4102 924 4173 iniqui,
937 4103 1005 4157 sicut
1020 4103 1169 4171 moriuntur
1180 4101 1225 4156 aiii
1277 4097 1418 4155 Christiani
1431 4100 1638 4170 composuimus,
1650 4111 1678 4156 ut
1690 4117 1749 4158 cnm
1761 4104 1905 4174 Er'angeiiu
1914 4107 1983 4176 quod
1997 4125 2058 4177 prar-

444 4195 539 4266 iniqui.
554 4194 693 4263 Qnumodo
714 4211 777 4264 erqo
796 4197 841 4250 alii
859 4196 942 4266 iniqui
963 4197 1122 4261 moriuntur,
1136 4203 1163 4250 et
1180 4195 1225 4251 alii
1277 4190 1396 4246 dicamus
1408 4190 1564 4248 finxerimus
1576 4192 1740 4266 Pmpbotas‚
1759 4211 1807 4265 per
1825 4212 1892 4267 quos
1905 4199 2060 4269 pradictum

446 4285 960 4357 munrrmicaiiijustieunt,etalii
974 4285 1226 4356 inquinataque
1277 4279 1412 4336 rideretur
1430 4281 1500 4351 quud
1524 4282 1711 4353 praedioemttst
1734 4285 1796 4359 liius
1815 4301 1862 4342 Μ
1879 4289 2062 4348 wnt'iutitttus

430 4379 473 4433 ,in
488 4379 568 4433 duem
582 4378 672 4432 amendi
687 4393 739 4433 nee
760 4377 883 4448 iniqnitas
906 4376 990 4433 deerit
1014 4390 1156 4447 premens,
1177 4391 1227 4433 nec
1277 4373 1338 4448 quia
1353 4387 1446 4428 omnes
1459 4377 1524 4442 ipsa
1534 4372 1641 4430 Littera
1651 4376 1745 4445 quibus
1757 4376 1878 4433 Christus
1890 4379 2061 4450 prophetatus

443 4470 544 4540 iustitia
558 4469 670 4538 patiens.
682 4467 716 4524 u:
727 4485 754 4523 ur
768 4467 856 4522 umbra
868 4468 967 4522 uturum
983 4479 1083 4521 tuarum
1103 4466 1224 4536 aprrobo,
1278 4473 1329 4529 est,
1341 4463 1411 4534 apud
1423 4463 1530 4520 iudaeos
1543 4475 1614 4530 sunt,
1628 4480 1721 4521 omnes
1741 4467 1812 4537 ipsas
1829 4469 1943 4526 Litteras
1962 4471 2062 4528 habeut

445 4563 524 4618 donec
537 4571 647 4616 transeat
656 4560 774 4630 imquitas
785 4575 795 4615 .·
806 4559 832 4615 id
844 4569 895 4625 est,
912 4570 938 4614 tu
951 4569 1073 4630 proteges
1086 4574 1146 4622 me,
1159 4569 1186 4614 ct
1197 4567 1227 4614 nt
1277 4553 1371 4610 iudaei.
1387 4553 1551 4611 Proierimns
1564 4554 1674 4612 Codices
1686 4557 1720 4613 ab
1733 4559 1855 4626 inimicis,
1870 4570 1898 4615 ut
1915 4563 2062 4618 sortienda·

445 4653 479 4706 ab
491 4660 558 4707 auu
569 4652 712 4722 iniqnitatis
725 4664 776 4706 tion
789 4665 917 4717 aresmrn,
928 4659 955 4704 tu
967 4649 1146 4705 umbrarntum
1158 4665 1226 4719 praa·
1278 4661 1337 4702 mus
1359 4646 1426 4702 alios
1448 4647 1579 4703 inimicos.
1601 4647 1630 4703 ln
1654 4650 1724 4719 quali
1748 4666 1811 4722 erqo
1835 4655 1978 4722 opprobrio
2001 4665 2061 4711 sunt
2138 4646 2145 4670 ¹

444 4743 522 4800 bebio
535 4741 609 4797 mihi.
1278 4737 1381 4793 tutati
1392 4738 1516 4795 Codicem
1528 4748 1616 4811 portat
1625 4740 1742 4806 iudaeus,
1754 4742 1825 4798 unde
1836 4743 1925 4799 eredat
1935 4739 2063 4800 Christia-

479 4835 508 4889 t.
520 4831 595 4905 [aera
606 4829 645 4905 3.]
657 4831 775 4887 Cinnanis
783 4830 818 4885 ud
830 4829 911 4884 Deum
920 4831 1076 4884 uitiarimnm.
1090 4830 1118 4885 Si
1132 4825 1228 4884 attissi-
1278 4844 1338 4884 nos.
1352 4829 1466 4885 Libratii
1480 4831 1563 4886 nostri
1576 4831 1638 4887 iacti
1649 4842 1729 4900 sunt,
1743 4836 1877 4904 quomodo
1890 4837 1976 4892 soient
1990 4841 2061 4895 servi

445 4941 505 4981 mus
517 4935 568 4987 est.
577 4923 710 4994 qnumudu
720 4923 792 4978 audit
803 4934 828 4977 te
841 4922 1014 4979 clamantem?
1024 4922 1086 4976 ibrta
1098 4931 1226 4991 estexpe·
1278 4928 1338 4990 pust
1352 4920 1475 4980 dominos
1485 4921 1591 4978 codices
1605 4922 1686 4990 ierne,
1697 4934 1726 4980 ut
1739 4925 1776 4980 iiii
1789 4928 1916 4995 pormndn
1927 4928 2061 5000 denotant,

413 5073 422 5085 ,
445 5017 562 5072 timento
574 5015 667 5070 iiduda
679 5033 685 5068 :
699 5013 797 5081 heum,
814 5015 912 5084 inquit,
926 5013 968 5083 qui
978 5012 1097 5085 benefecit
1114 5013 1185 5066 milri.
1197 5011 1227 5068 si
1278 5013 1317 5069 iili
1332 5013 1444 5084 legendo
1456 5014 1607 5087 prohciaut.
1622 5015 1651 5071 Ιο
1671 5016 1724 5072 tale
1742 5018 1912 5088 opprobrium
1931 5019 1987 5075 dati
2001 5031 2063 5080 sunt

446 5117 588 5176 antequam
605 5121 665 5161 cnm
678 5121 823 5176 quaterem
837 5105 967 5160 benefecit
979 5105 1041 5159 mihi
1051 5147 1059 5166 ,
1069 5104 1227 5159 cianantem
1278 5102 1381 5169 tudam
1397 5111 1425 5160 et
1438 5103 1575 5175 impletum
1587 5105 1712 5176 estquod
1732 5115 1806 5162 tantu
1825 5118 1887 5164 ante
1907 5111 2062 5179 pradictum

446 5213 490 5254 ate
509 5213 563 5252 rrou
582 5188 720 5252 exaudiet?
738 5196 809 5252 Bene
829 5201 898 5251 enim
922 5196 998 5251 nobis
1020 5196 1080 5251 iecit
1102 5196 1228 5250 hominus
1279 5192 1422 5250 enzhetit
1432 5195 1460 5249 in
1468 5195 1631 5267 opprobrium
1639 5197 1813 5253 conculcantes
1821 5217 1869 5255 ure.
1880 5199 1962 5270 Qttaie
1973 5212 2062 5261 autem

447 5290 518 5346 beris
528 5289 657 5344 mittendo
667 5289 743 5345 nubis
753 5287 915 5343 salvatorem
926 5301 1043 5342 nostrum
1054 5286 1143 5342 lesum
1152 5286 1228 5343 Chri·
1279 5286 1450 5357 opprobrium
1462 5297 1521 5355 est,
1535 5287 1645 5353 iratres,
1662 5299 1691 5344 nt
1704 5288 1774 5346 bunc
1790 5306 1894 5347 sermm
1914 5294 2017 5366 legant,
2035 5309 2063 5353 et

446 5393 534 5446 uum.
547 5392 575 5436 ut
593 5390 741 5436 moreretur
754 5390 860 5450 propter
870 5379 965 5435 dciicta
980 5390 1084 5442 nostra,
1097 5389 1125 5434 et
1136 5394 1227 5434 resur·
1280 5377 1329 5447 ipsi
1341 5379 1405 5433 sarci
1419 5379 1556 5435 attendant
1569 5379 1601 5434 ad
1615 5380 1752 5449 specuium
1765 5385 1861 5438 surim?
1872 5384 1916 5442 Sic
1930 5389 2000 5442 enim
2015 5377 2081 5460 aps
2139 5441 2142 5447 ,

447 5480 522 5541 seret
535 5482 643 5542 propter
652 5471 865 5541 jtrstihcationem
879 5479 997 5524 nostram
1011 5469 1020 5540 (
1028 5470 1102 5525 honr.
1119 5486 1154 5533 ιι,
1168 5469 1226 5540 95).
1282 5479 1373 5539 parem
1383 5468 1470 5525 indari
1483 5470 1516 5526 de
1525 5469 1660 5541 Scriptura
1672 5482 1762 5528 sancta
1775 5490 1854 5546 quam
1867 5488 1983 5548 portant,
1998 5495 2061 5551 qno

447 5562 634 5634 Proqnaiibus
654 5563 720 5625 mirri
739 5561 821 5617 roiuit
836 5560 931 5623 Filium
951 5561 1045 5617 surim?
1057 5560 1109 5616 Pro
1130 5562 1227 5631 impiis.
1280 5561 2064 5636 modoapparetiaciescaecidespecuio:abaiiisuidetunab

448 5651 525 5725 hupii
536 5662 623 5709 autem
638 5669 691 5708 uon
704 5651 858 5722 quaerebant
870 5651 967 5714 θεοιο,
981 5660 1007 5705 et
1023 5637 1126 5720 quaesiti
1138 5660 1227 5706 sunta
1281 5652 1339 5723 ipso
1355 5653 1613 5711 ircavicensem
1626 5658 1652 5712 in
1662 5659 2003 5725 oporobrismcuneuiemrter
2013 5679 2062 5716 mc.

449 5744 513 5800 bet
527 5741 572 5801 ste
590 5754 632 5799 est
651 5757 716 5814 erqo
736 5743 780 5797 iiie
798 5741 954 5804 altissimus,
970 5752 999 5821 ut
1013 5758 1064 5796 nun
1083 5744 1118 5796 sit
1135 5741 1169 5796 ab
1183 5741 1229 5797 iliu
1317 5744 1359 5801 tu.
1374 5745 1516 5816 Quaerebas
1529 5747 1597 5804 iorte
1609 5764 1668 5805 cum
1682 5751 1800 5819 dit-eret,
1824 5751 1893 5809 ittet
1905 5755 1937 5808 de
1949 5752 2020 5818 ectr,
2040 5763 2064 5808 et

451 5833 526 5908 bruge
544 5836 651 5892 nussia
671 5843 759 5893 nostra
772 5843 798 5887 et
810 5834 921 5902 gemitus
940 5842 1046 5898 trustem
1065 5833 1125 5902 qnia
1147 5848 1229 5902 prope
1280 5838 1376 5892 rutrum
1393 5854 1432 5891 me
1444 5839 1503 5908 [ecit
1512 5855 1521 5894 .·
1531 5839 1599 5908 Quid
1612 5842 1683 5897 nrisit
1701 5842 1735 5898 dc
1752 5843 1839 5900 coeioi
1854 5859 1932 5914 quem
1945 5837 2017 5900 misit
2030 5842 2065 5900 de

451 5939 489 5984 est
501 5927 629 5984 bonrinrus
640 5927 682 5981 bis
691 5927 734 5995 qui
745 5925 908 5980 obtrivemat
917 5923 1056 5996 cor(Pmi.
1068 5941 1162 5991 xxxin,
1172 5926 1227 5995 ih).
1281 5927 1366 5983 coeio?
1377 5928 1505 6000 Angelum
1519 5930 1600 5996 misit,
1615 5940 1642 5985 nt
1657 5932 1757 5988 salvum
1770 5933 1869 5990 iaceret
1879 5935 2021 6001 Christum,
2035 5944 2065 5992 et

453 6020 569 6075 Ciurrrubo
581 6018 701 6073 ndiimm
711 6018 869 6080 tritissimum,
884 6016 1014 6083 Drunrqui
1026 6018 1145 6085 benesecit
1155 6017 1226 6072 anthr.
1282 6034 1444 6091 perservum
1459 6020 1547 6075 saluus
1561 6021 1591 6076 iit
1606 6023 1755 6080 haiminus?
1767 6023 1866 6080 0mues
1882 6025 1952 6080 eninr
1973 6027 2065 6098 tnqeii

484 6112 511 6168 8·
527 6110 601 6186 [tera.
613 6112 641 6179 b.
653 6109 692 6182 5.]
705 6109 774 6164 iiisit
785 6109 895 6174 deicio,
907 6120 928 6163 et
938 6110 1033 6163 aninum
1044 6109 1101 6178 [ech
1111 6125 1157 6162 me.
1169 6108 1226 6164 ianr
1283 6122 1404 6169 exoritura
1425 6114 1543 6170 serviens
1564 6114 1671 6171 Christo
1688 6126 1743 6173 est.
1764 6117 1806 6174 ad
1824 6117 2078 6188 obsquium-ahs
