5025 6925
487 726 537 789 sau
912 792 921 810 l

486 866 557 908 caru.
582 849 608 910 ὅ,
630 846 675 916 ι).
698 843 800 900 invenit
821 841 1014 897 tribulationem
1029 848 1152 911 tanquam
1166 836 1265 908 aliquid

486 944 564 1003 ntite;
580 947 715 1009 putruerat
730 935 789 992 tabe
812 944 981 1003 peccatorum
999 946 1125 997 suorum,
1139 930 1193 999 iam
1209 931 1267 985 sine

483 1048 563 1090 sensu
585 1035 767 1090 remanserat,
794 1027 894 1081 invenit
920 1024 1112 1080 tribulationem
1142 1037 1265 1092 tanquam

481 1124 613 1179 ustionem
626 1134 650 1175 et
660 1122 813 1176 sectionem.
829 1117 927 1179 lacem,
937 1116 1030 1187 inquit,
1046 1114 1230 1168 tribulationem
1241 1122 1266 1166 et

482 1216 610 1278 dolorem,
630 1224 652 1267 et
667 1228 756 1265 rrarrten
775 1209 876 1263 Domini
889 1210 1009 1264 inrorari.
1023 1207 1055 1261 Et
1068 1206 1192 1274 qnblem,
1210 1205 1263 1259 ira-

481 1317 545 1372 tres,
560 1316 622 1360 sum
636 1304 816 1359 tribulationes
827 1301 949 1357 omnibus
960 1307 1040 1355 naue.
1055 1300 1122 1355 Ecce
1136 1300 1264 1368 tuaequae

480 1399 614 1452 abundant
634 1396 659 1450 in
674 1409 771 1464 genere
790 1395 904 1447 ltumano
922 1408 929 1445 ε
949 1392 1016 1445 alius
1036 1390 1133 1444 damino
1153 1388 1263 1444 allectus

481 1490 596 1559 plangit,
618 1489 685 1542 alins
699 1488 811 1541 orbitate
825 1497 965 1554 percussus
983 1484 1069 1553 lnget;
1090 1481 1158 1535 alias
1176 1480 1260 1550 patria

479 1581 614 1634 exsulatus
638 1587 740 1640 ntoeret,
756 1586 783 1632 ει
797 1576 882 1629 redire
895 1574 977 1640 cupit,
994 1570 1184 1625 intolerabilem
1199 1584 1260 1638 pcr-

478 1674 667 1743 egrinationem
685 1671 830 1739 deputans:
846 1667 921 1722 alteri
935 1665 1010 1719 uinea
1030 1662 1184 1733 grandinata
1202 1670 1260 1724 est,

478 1766 589 1821 attondit
599 1774 633 1819 au
645 1764 749 1819 labores
761 1776 833 1822 snus,
845 1770 872 1814 ct
884 1767 1066 1827 consumptam
1077 1770 1182 1809 omnem
1196 1767 1261 1822 ope-

478 1874 534 1912 ram
549 1859 690 1913 incassmn.
705 1854 815 1922 Qitarrdo
831 1856 910 1906 trianto
925 1859 1009 1920 potest
1024 1863 1077 1903 non
1089 1846 1259 1902 contristari?

478 1952 613 2005 inimicum
627 1948 723 2018 patitur
732 1962 765 2002 ex
778 1942 948 2009 audentiae
960 1940 1044 2010 major
1058 1938 1162 1993 miseria
1175 1937 1200 1991 ia
1213 1952 1260 2008 gc-

478 2058 540 2097 ιιειε
554 2041 687 2095 ltttmattd‘?
698 2039 826 2107 Plangaut
840 2035 897 2089 lunc
908 2049 1011 2097 utititas,
1023 2041 1050 2086 ει
1059 2030 1158 2091 ιιυιειιι,
1169 2040 1196 2085 ει
1209 2030 1257 2084 lti-

476 2135 623 2190 bulationes
635 2143 696 2189 sunt
709 2134 766 2187 iste
780 2149 786 2185 :
801 2140 828 2186 et
840 2132 866 2186 iu
880 2130 920 2184 bis
931 2127 1053 2184 omnibus
1068 2126 1191 2181 invocant
1203 2125 1257 2179 lio·

437 2241 442 2253 ·
475 2229 590 2292 ιυίιιιιιιι,
606 2236 633 2281 ει
648 2234 719 2280 tecte
733 2224 840 2277 lanciunt.
859 2220 982 2276 innocent
998 2220 1095 2281 licum,
1111 2226 1202 2286 potens
1217 2223 1258 2270 est

473 2317 516 2372 vel
532 2316 628 2372 docere
647 2315 828 2376 tolerandum,
843 2313 883 2367 rel
903 2326 997 2366 sanare
1012 2311 1161 2363 toleratum.
1180 2306 1257 2362 Novit

473 2409 517 2464 ille
527 2424 579 2463 raon
593 2408 680 2463 sinere
693 2406 787 2462 tentari
800 2419 848 2460 nos
858 2419 937 2474 snpra
947 2418 1025 2478 quam
1037 2414 1176 2472 possumus
1187 2398 1256 2453 ierre

474 2502 495 2570 (l
508 2500 567 2554 Cor.
580 2516 610 2563 x,
624 2501 679 2569 ιδ).
696 2498 849 2553 invocemus
864 2497 946 2550 Deum
960 2492 1038 2548 atiani
1059 2493 1084 2546 in
1100 2491 1156 2545 istis
1169 2490 1254 2545 tribu-

472 2590 613 2647 lationibus
630 2607 637 2644 ε
656 2589 703 2645 sed
718 2589 758 2643 lare
772 2587 953 2644 tribulationes
965 2586 1099 2640 inueniunt
1112 2599 1171 2649 nos,
1186 2583 1254 2638 sieut

471 2680 498 2735 ln
511 2682 563 2733 alin
573 2674 675 2751 psalmo
688 2678 813 2749 scriptum
828 2686 878 2742 est,
892 2677 1001 2745 adjutor
1015 2677 1040 2729 ia
1054 2674 1253 2729 tribulationibus

470 2788 526 2841 quta
535 2773 680 2826 inuenerunt
692 2787 737 2825 aas
749 2770 822 2824 nimia
836 2767 920 2841 (Psoi.
936 2783 998 2829 ιιι,
1009 2765 1058 2835 ιιι
1078 2776 1118 2820 cst
1132 2763 1251 2834 quaedam

470 2880 548 2934 quiam
564 2878 613 2919 nos
630 2862 757 2918 debemus
770 2861 899 2917 invenire.
918 2859 1055 2914 inveniant
1068 2872 1116 2912 nos
1131 2857 1188 2911 istae
1202 2854 1251 2909 tri·

469 2956 617 3018 balationes
628 2974 635 3011 :
646 2965 688 3012 est
698 2954 817 3027 quadam
831 2952 963 3008 tribulatio
974 2967 1052 3024 quam
1067 2964 1115 3004 nias
1124 2948 1252 3004 debemus

467 3046 604 3121 qtemere,
623 3060 651 3106 et
672 3049 799 3105 invenire.
820 3048 884 3115 Oua
900 3057 942 3103 est
956 3047 1025 3101 istai
1039 3046 1076 3100 Ea
1090 3045 1145 3115 ipsa
1158 3044 1185 3099 in
1200 3045 1251 3097 biae

468 3142 567 3197 mundo
582 3142 707 3205 felicitas,
722 3140 856 3194 affluentia
872 3151 959 3194 rerum
973 3135 1156 3206 temporalium
1173 3151 1180 3187 :
1197 3148 1248 3188 non

466 3234 572 3305 qnidam
587 3235 643 3303 ipsa
659 3233 792 3287 tribulatio
804 3241 861 3296 est-3
875 3231 967 3285 solatia
982 3237 1043 3284 sunt
1054 3237 1152 3283 uostrae
1167 3226 1249 3281 tribu-

467 3326 582 3379 lationis.
599 3322 680 3392 anuts
693 3322 889 3378 tribulationis?
900 3320 1003 3377 Nostra
1018 3317 1247 3389 peregrinationis.

466 3417 522 3473 lloc
533 3418 603 3473 cuim
617 3417 703 3488 ipsum
718 3417 790 3488 qaod
804 3432 864 3471 carm
878 3415 931 3470 Deo
946 3414 1060 3470 troandum
1075 3427 1181 3479 sumus,
1197 3410 1248 3467 boc

465 3510 549 3578 ipsum
563 3508 633 3578 quod
647 3509 715 3562 inter
728 3507 885 3563 tentationes
899 3506 1085 3575 molestiasque
1097 3518 1245 3570 versamur,

463 3601 533 3671 qnod
548 3600 605 3654 sine
620 3601 713 3654 timore
725 3613 784 3653 esse
797 3614 849 3652 aon
864 3611 1019 3667 possumus,
1033 3596 1167 3651 tribulatio
1181 3604 1221 3650 cst
1238 3612 1245 3649 :

463 3707 514 3747 aron
527 3692 598 3747 enim
613 3701 653 3746 est
672 3691 715 3746 illa
730 3693 859 3766 securitas
877 3692 934 3757 quar
953 3688 1030 3743 nobis
1048 3687 1176 3757 promissa
1194 3696 1244 3742 est.

462 3784 535 3841 lianc
547 3782 742 3840 tribulationem
755 3782 971 3853 peregrinationis
983 3796 1037 3836 sua
1048 3782 1091 3851 qui
1106 3796 1158 3836 non
1172 3780 1245 3836 inre·

461 3877 544 3941 uerit,
563 3875 596 3930 ad
615 3875 726 3944 patriam
744 3874 832 3929 redire
847 3889 897 3928 non
912 3873 1019 3944 cogitat.
1040 3872 1186 3927 Tribulatio
1201 3871 1243 3924 illa

460 3983 512 4039 est,
528 3972 633 4027 iratres.
646 3970 726 4026 Certe
739 3968 818 4023 modo
830 3967 940 4022 iacimus
953 3968 1020 4022 bona
1034 3981 1126 4037 opera,
1138 3967 1244 4038 quando

459 4062 617 4133 porrigimus
628 4075 723 4131 panem
734 4059 872 4125 esurienti,
883 4057 981 4112 danaum
992 4057 1142 4130 peregrino,
1153 4064 1179 4110 ει
1190 4071 1244 4111 ea·-

458 4167 533 4211 tcra:
554 4153 688 4209 tribulatio
697 4162 738 4208 est
754 4159 781 4207 et
796 4150 862 4206 bac.
876 4148 1025 4205 invertimus
1044 4151 1114 4204 enirn
1131 4149 1243 4203 miseros

457 4261 538 4316 saper
549 4260 615 4316 quos
627 4243 834 4301 misericordiam
845 4240 971 4303 iacimus:
984 4249 1011 4297 et
1021 4240 1177 4295 miserorum
1191 4240 1241 4293 mi-

456 4339 526 4394 seria
542 4337 603 4392 iacit
616 4352 664 4391 nos
681 4336 882 4406 compatientes.
904 4334 1009 4401 Quanto
1029 4333 1124 4388 melius
1136 4332 1171 4386 ibi
1184 4331 1239 4400 jam

457 4444 548 4494 esses,
563 4412 607 4484 ubi
622 4443 674 4483 non
687 4428 788 4482 ittuenis
802 4427 963 4482 esurientem
977 4440 1054 4495 quem
1070 4438 1178 4493 pascas,
1195 4423 1239 4478 nlii

457 4536 509 4577 uon
525 4520 628 4575 inretiia
643 4520 810 4590 peregrinum
823 4533 900 4588 quern
917 4517 1055 4586 suscipias,
1071 4532 1124 4572 aon
1139 4515 1237 4569 nudum

455 4628 535 4682 quem
552 4612 662 4674 sestias,
677 4625 730 4664 nota
746 4625 843 4673 :ranam
861 4625 939 4678 quiem
952 4609 1052 4670 visites,
1067 4622 1118 4660 nou
1130 4605 1237 4677 litigan-

453 4715 507 4759 tem
520 4717 599 4773 quem
618 4699 783 4755 concordes?
795 4697 888 4754 Ourania
903 4697 973 4753 enim
993 4698 1027 4752 ibi
1041 4712 1144 4751 summa
1157 4706 1236 4762 sunt,

452 4812 514 4852 uera
526 4803 597 4858 snnt,
613 4802 704 4849 sancta
718 4802 790 4854 suan,
809 4801 906 4846 aeterna
918 4801 989 4846 sunt.
1009 4791 1088 4847 Panis
1100 4800 1191 4848 noster
1201 4791 1236 4846 ibi

449 4889 549 4956 justitia
562 4896 613 4953 cst,
624 4895 702 4958 potus
719 4894 810 4940 noster
823 4883 857 4938 ibi
873 4883 1002 4953 sapientia
1015 4892 1071 4951 est,
1084 4883 1165 4938 uestis
1186 4898 1236 4937 ao·

450 4988 504 5035 stra
518 4981 552 5036 ibi
567 4977 752 5034 immortalitas
763 4986 813 5040 est,
827 4974 923 5029 dorrtus
936 4983 1023 5029 nostra
1036 4984 1135 5028 aeoerrra
1144 4974 1235 5029 incoe·

449 5071 500 5135 lis,
515 5071 625 5126 drmitas
644 5078 734 5125 nostra
753 5066 946 5122 immortalitas.
962 5065 1092 5134 Nnrnquid
1107 5066 1234 5135 :agr-iunio

449 5162 583 5231 subrepit?
594 5161 720 5232 numquid
733 5159 859 5215 lassitudo
870 5158 903 5213 ad
913 5173 1037 5213 surranum
1048 5157 1145 5213 trabit?
1156 5157 1231 5212 anla

447 5267 541 5308 mors.
557 5253 627 5309 nulla
642 5253 676 5308 lis
694 5252 751 5308 :ibi
766 5267 831 5322 par,
854 5251 945 5320 quies,
961 5248 1230 5321 gatrdium,1ustiria.

446 5343 539 5402 butun
550 5342 632 5397 intrat
644 5344 775 5408 inimicus,
786 5344 873 5399 attilus
886 5344 983 5399 labitur
994 5343 1104 5397 amiens.
1115 5342 1180 5410 Ωιι-ι·
1196 5344 1230 5398 ibi

445 5437 538 5510 quiesi
554 5436 582 5493 Si
594 5440 750 5507 cogitemus,
763 5448 790 5494 et
801 5438 969 5494 attendamus
984 5438 1027 5492 nbi
1041 5439 1134 5503 simus,
1146 5449 1173 5493 et
1185 5440 1227 5493 tabi

404 5558 406 5563 ·
444 5545 495 5587 uos
508 5529 611 5585 iuturus
626 5545 686 5585 esse
702 5531 823 5600 promisit
836 5532 879 5600 qui
898 5532 1003 5587 mentiri
1022 5534 1115 5595 rarescit,
1127 5549 1158 5587 ex
1173 5533 1229 5599 ipsa

442 5621 501 5692 eius
519 5620 693 5692 promissione
713 5621 861 5675 intranimus
882 5622 907 5676 in
929 5638 981 5692 qna
1002 5636 1093 5677 sranius
1116 5621 1227 5677 tribula-

442 5715 525 5772 tione.
550 5714 623 5770 llane
648 5712 842 5768 tribulationem
866 5729 943 5768 tremo
966 5715 1084 5780 inuenit,
1109 5716 1158 5768 nisi
1182 5714 1226 5785 qni

427 5788 429 5795 Ι
441 5806 585 5876 quaesierit.
600 5803 687 5860 Sanus
701 5819 740 5867 es,
753 5803 814 5858 ride
827 5804 849 5858 si
862 5805 943 5859 miser
956 5818 986 5859 es
1000 5823 1007 5859 ε
1023 5821 1084 5859 nam
1097 5805 1227 5873 lacileest

440 5907 469 5954 ut
480 5896 526 5969 qui
539 5903 658 5967 agrotat,
670 5895 766 5949 sentiat
776 5909 805 5949 se
819 5894 943 5948 miserum
956 5912 963 5947 ε
974 5895 1080 5964 quando
1093 5910 1222 5963 sanuses,

439 5990 498 6045 ride
510 5990 532 6044 ai
549 5990 630 6043 miser
641 6003 688 6051 es:
704 5986 765 6056 quia
777 6001 838 6040 eum
852 5985 906 6040 Deo
920 5985 1037 6041 nondum
1050 6001 1090 6042 es.
1106 5986 1224 6042 Tribulu-

438 6083 530 6135 tionem
550 6091 573 6134 et
586 6079 697 6133 dolorem
717 6079 812 6143 inueni,
834 6088 857 6132 et
869 6095 958 6131 nomen
980 6077 1081 6132 Donrini
1099 6081 1220 6138 inpacati.

440 6170 547 6226 immota
568 6187 632 6244 ergo
651 6169 705 6227 Dra
725 6169 876 6240 sacrificium
891 6171 981 6226 lundis.
1000 6170 1087 6228 lauda
1109 6181 1221 6244 promit-

1087 721 1115 778 S.
1136 720 1316 778 bUGb'SilNl
1335 720 1483 783 sciscunt

2057 750 2109 801 ddi)
2125 743 2127 747 ⁴

1323 846 1432 904 mntem,
1450 841 1527 898 lauda
1541 858 1691 913 tueantem,
1714 850 1790 907 landa
1809 855 2004 923 exhortantem,
2028 860 2104 916 barda

1318 928 1486 997 adjurantem
1510 954 1516 991 :
1538 947 1567 992 et
1585 939 1701 1012 intellige
1713 941 1740 997 in
1755 960 1805 1015 qna
1821 944 1990 1007 tribulatione
2003 956 2104 1023 positas

1318 1034 1359 1076 es.
1374 1022 1479 1087 invoca.
1490 1031 1604 1089 erueris.
1618 1033 1778 1103 glorificabis
1790 1039 1810 1105 ¹,
1826 1043 2003 1108 permanebis.

1352 1114 1397 1170 25.
1414 1114 1487 1190 [aere.
1500 1122 1556 1195 tit]
1576 1122 1670 1181 Videte
1683 1139 1770 1185 autem
1785 1133 1854 1202 quud
1869 1138 1999 1203 sequitur,
2013 1140 2110 1202 iratres

1317 1206 1379 1259 naci.
1388 1207 1445 1262 lam
1458 1213 1527 1266 enim
1541 1215 1633 1270 nescio
1644 1220 1780 1291 ‹pitis,quia
1791 1222 1892 1291 dixerat
1904 1225 1940 1282 illi
1953 1227 2023 1285 betis
2050 1234 2102 1288 lnt-

1316 1296 1383 1350 utolu
1395 1297 1448 1353 lieo
1460 1305 1611 1374 sacrificium
1626 1308 1724 1374 landis,
1738 1322 1765 1366 ει
1777 1312 1828 1369 hoc
1840 1317 2037 1386 quodammodo
2055 1339 2100 1378 rc·

1315 1386 1393 1456 ctigal
1412 1390 1557 1461 indixerat,
1576 1398 1750 1456 meditabatur
1762 1404 1829 1475 sibi,
1844 1418 1871 1461 et
1890 1407 1995 1465 dicebat
2012 1430 2019 1465 ε
2034 1413 2100 1468 Sur-

1314 1492 1372 1547 gam
1381 1485 1507 1550 quotidie,
1516 1503 1623 1558 pergam
1633 1491 1665 1546 ad
1675 1493 1828 1562 Ecclesiam,
1838 1496 1923 1555 dicam
1933 1518 2013 1557 unum
2026 1504 2102 1577 bym-

1314 1586 1376 1625 num
1387 1579 1551 1645 matutinum,
1563 1581 1643 1636 alium
1652 1588 1840 1654 vespertinum,
1850 1594 1955 1647 tertitnn
1968 1605 2101 1667 autquar-

1314 1671 1368 1719 tnm
1384 1667 1409 1721 in
1421 1668 1500 1724 domo
1514 1688 1591 1734 mea:
1605 1677 1721 1754 qnotidie
1733 1680 1852 1737 sacriiteo
1870 1685 2029 1742 saerilicium
2044 1691 2100 1744 lau-

1311 1751 1369 1810 dis.
1389 1768 1415 1811 et
1429 1759 1537 1815 irrrrnnlo
1552 1764 1607 1817 lien
1621 1782 1690 1821 ineo.
1705 1767 1776 1823 Bene
1790 1768 1853 1825 licis
1871 1774 1996 1843 quidem,
2012 1780 2034 1832 si
2052 1780 2101 1836 bot

1310 1844 1376 1899 'iacis
1392 1865 1398 1899 :
1414 1848 1460 1903 sed
1473 1851 1534 1906 ride
1547 1868 1580 1908 ne
1593 1853 1646 1924 jam
1661 1872 1771 1915 securus
1783 1861 1837 1924 sis,
1852 1864 1979 1935 quiajam
1993 1868 2046 1923 biae
2061 1870 2098 1923 ia·

1310 1940 1364 2005 cis,
1378 1951 1404 1996 ει
1419 1943 1484 2001 iorte
1505 1948 1594 2017 lingna
1617 1961 1659 2004 tua
1675 1952 1756 2007 Deum
1770 1954 1924 2022 barradteat,
1939 1970 1967 2014 et
1981 1962 2033 2015 uita
2057 1974 2099 2018 tua

1311 2030 1365 2085 beo
1386 2035 1533 2093 analedicat.
1550 2038 1572 2093 0
1587 2042 1682 2109 pupule
1695 2058 1785 2110 meus,
1801 2046 1864 2101 dicit
1886 2033 1939 2102 tibi*
1950 2051 2019 2107 beris
2033 2054 2100 2109 den-

1310 2136 1367 2175 rnm
1383 2123 1509 2181 Dominus
1522 2128 1568 2197 qui
1584 2129 1686 2187 locatus
1704 2143 1761 2199 est,
1775 2151 1872 2191 vinetus
1893 2150 2020 2197 terrama
2036 2146 2101 2199 solis

1309 2226 1369 2271 ortu
1384 2221 1510 2289 usquead
1525 2235 1666 2289 oceasum,
1686 2229 1806 2295 quamvis
1818 2229 1904 2285 adbuc
1917 2233 1986 2288 inter
1998 2236 2097 2292 zizania

1307 2310 1465 2364 coristilutus
1478 2311 1532 2377 sis,
1549 2312 1652 2368 inamata
1671 2318 1821 2386 sacrificium
1835 2319 1917 2377 Mardis
1932 2324 1986 2379 Deo
2000 2337 2062 2390 tuo,
2075 2340 2096 2383 et

1307 2400 1383 2455 redde
1394 2401 1433 2456 illi
1448 2419 1534 2471 preces
1546 2414 1602 2459 taur
1614 2422 1624 2459 :
1638 2406 1687 2461 scd
1701 2408 1760 2464 vide
1772 2426 1805 2466 ne
1818 2411 1890 2467 ritas
1902 2415 1981 2483 malc,
1996 2429 2024 2473 et
2036 2434 2096 2474 carr·

1307 2499 1348 2546 tcs
1361 2491 1438 2548 berte.
1453 2494 1541 2564 Qurrre
1553 2495 1622 2552 buci
1636 2497 1767 2555 Peccatori
1781 2504 1850 2557 enim
1864 2506 1924 2559 dicit
1938 2506 2031 2566 trena:
2048 2510 2095 2566 Ut·

1306 2582 1367 2651 quid
1379 2594 1406 2636 tn
1419 2601 1523 2639 enarras
1531 2587 1740 2656 justitiaequam,
1754 2602 1777 2646 et
1790 2596 1896 2649 aerinas
1910 2595 2095 2656 Teatarrrentanr

1305 2688 1385 2728 neam
1397 2693 1441 2744 per
1454 2694 1482 2731 or
1494 2679 1584 2732 tarum?
1599 2679 1707 2745 Videtis,
1722 2683 1827 2750 iratres,
1841 2701 1901 2741 cum
1913 2704 1967 2759 qno
1981 2704 2096 2750 tremore

1305 2764 1354 2821 ista
1366 2767 1493 2825 dieamus.
1503 2771 1671 2829 assumimus
1679 2773 1876 2833 'insumentum
1889 2781 1934 2836 liei
1949 2799 1998 2852 per
2010 2800 2042 2840 os
2051 2804 2093 2840 aro

1303 2866 1426 2922 strum,et
1435 2861 2030 2942 praedicamusrobiseruditianemetiustitias
2041 2878 2093 2935 bat,

1304 2950 1337 3006 Et
1347 2952 1487 3022 quiddicit
1498 2957 1630 3025 peccatori
1645 2957 1731 3014 Densi
1745 2958 1840 3028 litquid
1853 2965 1900 3017 rut
1914 2964 2044 3024 Prohibet
2055 2987 2095 3023 er·
2151 2983 2155 3000 ⁴

1302 3057 1336 3115 go
1349 3045 1536 3113 praediatores
1548 3050 1717 3119 peccatores?
1726 3052 1758 3107 Et
1772 3054 1814 3107 nbi
1827 3062 1868 3109 cst
1881 3055 1943 3111 illud
1956 3074 1963 3109 :
1977 3033 2045 3125 Qaie
2056 3061 2096 3113 di·

1302 3138 1538 3210 carternitanum
1557 3150 1641 3195 autem
1655 3143 1767 3211 sedunt,
1783 3148 1865 3213 [mae
1884 3147 1963 3201 nolite
1984 3148 2094 3219 (ιιαιιιι.

1301 3244 1375 3296 artu,
1383 3229 1428 3303 alt
1436 3231 1485 3287 Ubi
1499 3243 1540 3287 est
1548 3232 1611 3288 illud
1621 3252 1628 3287 ε
1638 3234 1697 3290 Siue
1708 3237 1808 3291 amiate
1819 3241 1870 3293 eine
1881 3240 2090 3299 cardonetum·
2104 3277 2112 3293 ·

1299 3331 1353 3377 stura
1365 3325 1526 3379 annuntietur
1540 3324 1667 3398 (Philipp.
1682 3344 1707 3392 t,
1723 3329 1788 3400 rsit
1801 3328 1854 3387 Sed
1868 3332 1925 3387 baec
1937 3332 2009 3390 dicta
2020 3347 2094 3402 sunt,

1301 3428 1334 3469 ne
1348 3414 1455 3470 timeant
1467 3416 1511 3486 qni
1527 3416 1636 3472 andium
1650 3434 1664 3472 a
1679 3434 1845 3492 quocumque
1857 3421 1984 3479 audiant:
1998 3441 2053 3482 non
2064 3438 2096 3484 ut

1299 3505 1385 3558 securi
1399 3507 1451 3560 sint
1462 3507 1506 3575 qui
1520 3507 1611 3562 dicunt
1624 3509 1702 3575 bruta,
1712 3520 1739 3566 ει
1753 3509 1851 3567 iaciunt
1865 3514 1943 3568 mala.
1954 3513 2035 3570 blodo
2047 3533 2095 3573 er·

1298 3611 1350 3668 ga,
1364 3597 1475 3665 iratres,
1490 3614 1538 3654 ros
1551 3601 1637 3657 secturi
1650 3603 1715 3658 estis
1731 3619 1738 3656 :
1753 3603 1776 3658 si
1793 3603 1861 3658 bona
1873 3605 1987 3671 auditis,
2007 3608 2093 3665 Deum

1298 3689 1422 3754 anditis⁸,
1434 3707 1481 3761 per
1493 3693 1638 3762 quemlibet
1647 3696 1768 3750 audiatis.
1783 3695 1836 3753 Sed
1849 3698 1933 3753 noluit
1947 3701 2020 3756 Deus
2032 3704 2094 3761 ειιιο

1297 3781 1464 3850 correptione
1471 3781 1605 3839 dimittere
1615 3785 1674 3869 illos
1681 3786 1725 3856 qui
1733 3787 1838 3854 dieunt;
1849 3804 1882 3844 ne
1889 3788 1940 3845 bue
1949 3792 2010 3846 solo
2017 3795 2091 3864 qarod

1297 3871 1404 3940 dicant,
1418 3875 1505 3929 securi
1519 3875 1569 3930 sibi
1583 3874 1782 3933 obdormiscant
1793 3876 1821 3932 in
1835 3881 1902 3934 mala
1917 3881 1989 3944 vita,
2006 3893 2036 3939 et
2046 3884 2091 3940 di-

1296 3973 1358 4020 caut
1371 3964 1420 4019 sibi
1436 3981 1447 4019 a
1459 3965 1551 4036 Neque
1563 3967 1634 4022 enim
1648 3967 1742 4039 perdet
1753 3982 1803 4024 nas
1815 3969 1894 4035 Deus,
1911 3986 1958 4041 per
1970 3971 2102 4043 quonam

1295 4056 1630 4114 osvoluittantabonadiei
1640 4056 2090 4136 populosae.imoverirandiquod

1294 4145 1379 4231 dicis,
1393 4147 1553 4219 qudcumque
1568 4148 1651 4210 dicis:
1665 4150 1747 4220 etqui
1760 4152 1799 4205 ris
1813 4162 1838 4206 te
1853 4151 1955 4223 audiri,
1972 4157 2051 4224 prior
2063 4169 2091 4214 te
2161 4157 2166 4165 “

1294 4237 1370 4304 audi;
1381 4248 1408 4294 et
1419 4238 1538 4310 diequod
1548 4240 1612 4295 dicit
1625 4244 1651 4295 in
1664 4241 1716 4296 alio
1730 4243 1831 4311 psalmo
1840 4243 1946 4313 quidam
1957 4263 1964 4298 :
1975 4247 2091 4304 Andium

1293 4330 1354 4399 quid
1368 4329 1484 4400 loquatur
1497 4331 1523 4384 in
1543 4346 1582 4385 me
1593 4329 1717 4396 Dominae
1730 4331 1814 4397 Deua,
1828 4335 1946 4403 moniam
1968 4335 2091 4410 loquetur

1293 4436 1380 4490 pacem
1394 4422 1488 4491 populo
1505 4438 1551 4475 rao
1563 4421 1650 4492 (Paul.
1666 4438 1771 4487 taxata,
1785 4424 1821 4492 9).
1837 4424 1929 4492 Qualis
1942 4443 2011 4498 crgo
2024 4445 2086 4501 ego,

1292 4514 1337 4582 qni
1350 4528 1402 4568 non
1415 4513 1494 4569 audio
1506 4513 1577 4585 quod
1592 4514 1618 4569 in
1633 4530 1676 4570 me
1688 4515 1813 4585 loquitur,
1825 4526 1852 4572 et
1864 4519 1925 4572 volo
1937 4528 1967 4574 ut
1978 4522 2025 4576 alii
2037 4539 2089 4578 aa·

1291 4602 1366 4658 diant
1376 4603 1446 4674 quod
1461 4620 1508 4675 per
1520 4620 1563 4660 me
1575 4605 1712 4676 loquitari
1724 4607 1834 4662 Atidiant
1848 4608 1936 4677 prior,
1950 4612 2063 4667 audiam
2075 4654 2086 4679 ,

1291 4697 1569 4768 maximequeandiam
1577 4699 1646 4768 qnod
1656 4700 1770 4771 loquitur
1778 4701 1804 4754 in
1813 4702 1991 4759 melioriribus
2000 4705 2084 4772 Deus,

1290 4789 1413 4858 quoniam
1428 4790 1550 4860 loquetur
1562 4805 1654 4862 pacem
1667 4793 1763 4862 populo
1776 4807 1836 4847 sno.
1849 4793 1983 4862 Audiam,
1997 4807 2026 4852 et
2036 4813 2085 4852 ca·

1288 4882 1382 4952 stigern
1394 4897 1491 4953 corpas
1503 4899 1603 4949 meunt,
1617 4893 1644 4939 et
1656 4885 1775 4940 seruituti
1789 4885 1938 4956 subjiciam,
1954 4903 1991 4945 ne
2012 4891 2085 4947 lorte

1288 4971 1346 5027 aliis
1361 4973 1515 5043 praedicans,
1525 4975 1581 5045 ipse
1591 4975 1719 5045 reprobus
1732 4976 1851 5032 inveniar
1864 4976 1884 5049 (Ι
1899 4976 1958 5032 Car.
1972 4980 2082 5051 rasti).

1290 5061 1385 5127 litquid
1399 5075 1425 5117 tn
1436 5081 1539 5120 enarras
1547 5062 1660 5129 tristitias
1672 5067 1760 5122 meas?
1773 5067 1871 5138 lltqtrid
1885 5069 1931 5123 tibi
1943 5073 2018 5139 quod
2031 5074 2083 5129 tibi

1287 5170 1340 5211 tton
1362 5155 1488 5228 prodest?
1499 5154 1632 5212 Admonet
1645 5158 1719 5212 illum
1733 5169 1762 5213 ut
1782 5159 1872 5214 amliat
1887 5177 1894 5214 :
1910 5175 1964 5215 nou
1987 5172 2018 5218 ut
2029 5166 2082 5221 de·

1287 5257 1369 5316 ponat
1389 5246 1621 5317 pradicationem,
1635 5247 1682 5304 sed
1705 5257 1734 5303 ut
1745 5259 1863 5305 assumat
1883 5249 2079 5310 abalientiam.

1284 5335 1324 5390 Tu
1345 5351 1408 5392 reru
1431 5337 1520 5408 utquid
1543 5339 1650 5394 amantis
1669 5338 1856 5396 Tertarrtentnm
1878 5359 1961 5398 nteuat
1984 5363 2030 5415 pa·
2049 5364 2080 5402 ae

1283 5429 1375 5484 nami

1318 5519 1362 5573 ἳι.
1379 5517 1453 5592 [vers.
1469 5517 1526 5593 tt]
1543 5519 1581 5574 Ta
1593 5520 1736 5577 raoodirti
1749 5524 1922 5580 madianaea.
1932 5523 2021 5582 Odisti
2034 5529 2078 5584 di·

1282 5609 1429 5679 seiplinam.
1451 5608 1563 5679 Quando
1577 5626 1657 5681 parco
1666 5640 1684 5671 ,·
1694 5622 1785 5667 erutas
1799 5614 1949 5675 otlandus:
1963 5619 2076 5686 qnando

1281 5701 1398 5772 castigo,
1420 5716 1569 5757 murmuras
1585 5717 1593 5755 a
1608 5703 1681 5772 quasi
1695 5704 1802 5774 quando
1820 5719 1916 5773 parco,
1930 5706 1985 5762 sim
2002 5707 2075 5765 bern

1281 5802 1359 5856 tuus:
1380 5800 1407 5847 et
1423 5791 1528 5863 quando
1547 5794 1666 5863 castigo,
1687 5809 1739 5848 nou
1757 5794 1806 5848 siin
1828 5795 1895 5849 beris
1919 5803 1993 5851 tirus.
2016 5797 2075 5867 Ego

1279 5897 1346 5952 qnos
1367 5898 1446 5945 amo,
1469 5897 1551 5952 arguo
1570 5892 1598 5938 et
1618 5883 1718 5954 castigo
1741 5883 1840 5953 (dnae.
1864 5900 1912 5947 tn,
1937 5886 2007 5956 lbi.
2030 5886 2074 5943 ta

1279 5988 1335 6027 aero
1357 5971 1433 6026 odisti
1456 5973 1620 6026 eruditiorem
1634 5989 1644 6027 .·
1658 5984 1681 6027 ει
1703 5974 1829 6044 projecisti
1850 5990 1979 6031 maiorm
2002 5993 2073 6034 nrm

1308 6126 1316 6160 ¹
1334 6128 1370 6174 sie
1381 6111 1547 6196 intimastis,
1563 6104 1663 6181 tttnldf,
1673 6124 1852 6189 glorificaberis.

1308 6191 1318 6220 ²
1335 6189 1418 6238 talares
1429 6195 1474 6237 tiss
1484 6222 1492 6248 ,
1504 6195 1545 6238 ber
1555 6193 1619 6238 ruat.
1631 6187 1748 6248 aormulli,
1761 6196 1803 6239 aar
1815 6187 1913 6242 aare
