5025 6925
448 815 576 875 restribuat
589 814 629 870 liis
642 814 686 883 qui
701 811 864 867 abundanter
878 810 976 866 iaciunt
986 808 1147 880 superbiam.
1170 805 1229 862 lam

448 908 605 961 ‹licturuses
619 922 625 955 :
639 902 749 970 erando
774 902 923 958 retribuet?
936 899 1047 968 Quando
1072 898 1138 952 rub.
1164 896 1231 965 Quia

447 1000 576 1055 retribuet
586 1006 673 1049 certus
682 996 736 1061 sis;
750 995 784 1049 de
802 994 974 1050 retributione
999 1009 1051 1046 non
1068 991 1184 1056 dubites,
1196 989 1231 1045 de

448 1104 565 1158 tentpore
580 1102 631 1141 non
645 1088 742 1142 audeas
756 1086 809 1141 Deo
822 1085 886 1140 dare
896 1084 1046 1140 consilium.
1060 1082 1172 1138 Prorsus
1185 1096 1230 1135 re-

447 1183 550 1234 ritatem
568 1180 693 1249 requiret,
709 1186 737 1233 et
749 1178 877 1233 retribuet
897 1176 938 1233 ltie
951 1177 995 1246 qui
1011 1175 1176 1230 abundanter
1189 1171 1229 1226 la·

446 1273 519 1324 ciunt
531 1270 690 1336 superbiam.
713 1268 851 1339 Aliquibus
864 1276 890 1323 et
904 1266 947 1322 irie
959 1264 1098 1332 retribuet,
1115 1274 1143 1320 ct
1161 1263 1229 1319 ridi·

448 1378 508 1415 tuus
532 1370 558 1415 et
580 1361 720 1416 didicimus
747 1362 807 1432 quia
831 1360 962 1416 retribuit.
986 1358 1089 1414 Etenim
1123 1356 1230 1426 quantia

446 1455 615 1510 liumiliautur
625 1455 669 1525 qui
683 1455 764 1509 licum
776 1454 878 1520 timent,
893 1454 915 1507 si
926 1451 993 1506 lorte
1002 1451 1026 1504 iu
1041 1450 1128 1520 aliqua
1141 1448 1228 1516 digui-

447 1556 500 1602 ute
513 1547 591 1615 brtjus
610 1546 697 1601 sectili
711 1535 878 1608 refulserant,
893 1542 1023 1597 lrunriliati
1047 1556 1101 1595 non
1121 1539 1228 1595 cecide·

446 1646 519 1702 runt,
534 1637 594 1706 quia
610 1636 692 1691 licum
702 1635 735 1690 de
749 1633 829 1690 corde
850 1648 904 1690 nou
916 1632 1103 1688 excluserunt:
1118 1628 1228 1683 altitudo

425 1722 427 1726 ’
446 1727 561 1796 ipsorum
578 1727 647 1781 lteus
661 1735 709 1781 est.
736 1723 892 1778 llumiliatus
906 1722 1043 1778 videbatur
1057 1720 1107 1775 Job
1126 1718 1227 1789 perdita

451 1817 598 1871 substantia
608 1831 664 1877 stra,
682 1815 789 1884 perditis
800 1814 931 1879 bliissuis,
946 1812 1123 1883 perditisque
1134 1824 1227 1865 serva-

447 1907 500 1969 bat,
513 1908 621 1977 perditis
629 1906 859 1977 quibusserrabat;
868 1904 1055 1960 renransitsine
1065 1900 1226 1965 hereditate,

444 1992 1227 2071 et,quodesttristius,sincbarede(Jobr);rernansitadso·

445 2091 497 2146 lam
510 2107 629 2155 uxorem,
644 2107 694 2145 nou
703 2106 776 2145 suam
790 2088 1002 2153 consolatricem,
1015 2086 1062 2141 sed
1073 2084 1168 2140 diaboli
1180 2098 1227 2153 po·

444 2184 496 2237 tius
506 2183 659 2253 adjutricem
675 2181 728 2252 (ld.
743 2198 771 2246 u,
781 2181 808 2252 9)
821 2196 829 2234 :
843 2180 993 2235 humiliatus
1007 2178 1153 2242 videbatur;
1166 2175 1226 2231 ride

444 2278 467 2332 si
476 2256 557 2332 misci
565 2276 648 2331 lactus
656 2284 706 2339 est,
715 2275 775 2330 uide
787 2275 809 2328 si
816 2290 868 2328 non
875 2279 932 2327 erat
940 2272 965 2325 in
978 2269 1131 2325 abscondito
1140 2268 1227 2323 rullus

444 2368 501 2422 bei.
512 2367 538 2421 N
541 2368 615 2435 udus,
624 2368 671 2434 ait,
681 2368 730 2421 exii
740 2367 847 2420 deutero
855 2364 943 2418 metria
950 2378 1019 2427 mete,
1028 2361 1109 2416 nudus
1118 2367 1228 2415 reuertar

441 2438 468 2511 iu
488 2466 603 2512 terram:
621 2457 745 2511 Dominus
771 2457 855 2519 dedit,
874 2454 997 2509 Dominae
1019 2452 1139 2517 abstulit,·
1161 2451 1228 2505 rictu

445 2548 551 2603 danaim
565 2549 668 2619 placuit,
680 2549 715 2602 itu
729 2550 823 2618 [actum
839 2555 874 2601 eit
887 2562 896 2601 .·
909 2548 940 2601 sit
953 2560 1042 2599 uomere
1061 2542 1164 2597 Domini
1185 2543 1228 2596 be·

443 2641 569 2694 aedictum
582 2639 635 2711 (ld.
650 2639 736 2711 net).
762 2639 821 2693 lsttc
840 2654 952 2709 gemmae
979 2635 1065 2690 laudis
1083 2635 1129 2689 liei
1156 2633 1226 2689 unde

442 2730 638 2786 sttut?·Videte
664 2731 728 2785 loris
751 2745 904 2800 pauperem,
934 2729 1003 2783 intus
1023 2727 1141 2782 divitem.
1167 2725 1226 2781 iste

442 2837 553 2891 gortimer
564 2822 649 2877 laudis
662 2822 708 2876 Dei
722 2822 824 2877 exirent
832 2820 865 2875 dc
877 2820 933 2891 ejus
942 2836 998 2883 ore,
1010 2820 1060 2874 nisi
1074 2820 1226 2874 thesaurum

442 2905 592 2968 liaberet'in
605 2912 704 2967 corde?
717 2910 767 2980 Qui
779 2910 875 2967 diuites
889 2926 949 2967 esse
968 2910 1055 2974 uultis,
1072 2909 1137 2964 mles
1156 2908 1226 2963 diri·

443 3007 492 3060 tias
504 2995 693 3074 concupiscite,
709 3019 773 3076 quas
782 3020 831 3060 noc
842 3005 867 3059 in
882 3004 1017 3075 naulragio
1027 3002 1138 3074 potestis
1149 3004 1227 3057 arnit-

442 3108 506 3153 tere.
521 3098 591 3168 Ergo
604 3097 671 3153 tales
688 3098 795 3168 quando
809 3097 989 3163 humiliantur,
1005 3097 1086 3152 nolite
1109 3110 1156 3151 eos
1179 3111 1227 3165 pu-

443 3200 498 3245 tare
510 3192 632 3246 miseros.
649 3191 758 3257 Erratis,
772 3205 824 3245 non
839 3190 912 3245 scitis
922 3188 985 3260 quid
1007 3188 1078 3243 intus
1100 3186 1224 3242 habeant.

442 3280 480 3336 lix
493 3281 569 3336 robis
591 3280 730 3350 conjicitis,
752 3281 796 3351 qui
809 3280 935 3336 muudum
956 3278 1075 3349 diligitis,
1097 3279 1158 3349 quia
1178 3291 1227 3333 ros

441 3388 501 3425 teum
513 3373 572 3426 talia
588 3371 707 3442 perditis,
732 3372 821 3427 miseri
837 3371 989 3427 remanetis.
1005 3370 1118 3425 Prorsus
1143 3368 1226 3423 nolite

442 3464 493 3518 boe
508 3475 617 3532 putare,
631 3463 728 3518 habeut
742 3464 811 3518 iutus
830 3478 882 3534 quo
894 3462 1034 3534 gaudeant.
1057 3460 1171 3517 luterior
1184 3470 1226 3517 est

441 3555 591 3609 dominator
611 3569 714 3616 eorum,
731 3555 840 3610 interior
853 3563 895 3610 est
909 3565 998 3623 pastor
1022 3562 1050 3608 et
1075 3553 1226 3608 consolator

442 3646 568 3715 ipsorum.
583 3644 635 3715 lpsi
647 3655 708 3701 surtt
721 3646 766 3716 qui
784 3646 852 3700 male
865 3645 973 3711 caduut,
990 3646 1033 3716 qui
1053 3659 1128 3716 spem
1150 3659 1224 3699 snam

442 3737 469 3791 in
488 3735 538 3792 lioc
559 3737 657 3791 seculo
680 3746 791 3806 parturit.
805 3735 929 3791 tutorum
944 3735 1016 3806 quod
1030 3734 1129 3790 nitebat
1149 3736 1224 3801 lurra,

442 3828 509 3905 nibil
532 3837 652 3885 remanet
673 3830 743 3885 intus
769 3830 818 3884 nisi
839 3828 926 3883 luimus
951 3828 1027 3883 malm
1045 3827 1224 3884 conscientiae.

425 3922 517 3986 ¹llude
528 3938 557 3978 se
570 3922 741 3977 consolentur
753 3936 805 3977 non
819 3920 928 3987 babent,
942 3934 995 3976 uon
1010 3918 1110 3975 babent
1119 3933 1173 3990 quo
1184 3918 1224 3973 lo·

442 4029 485 4070 ras
499 4021 605 4079 exeant,
630 4028 683 4069 non
706 4013 804 4068 babent
826 4028 880 4084 quo
901 4012 970 4066 intro
989 4011 1108 4078 redeant,
1126 4009 1225 4066 deserti

442 4122 538 4177 pompa
550 4106 682 4174 saeculari,
698 4105 791 4161 inanes
804 4106 887 4177 qratia
910 4105 1050 4175 spirituali,
1064 4119 1126 4160 rere
1140 4103 1226 4159 humi·

442 4200 548 4255 liuntur.
561 4199 595 4254 Et
606 4199 697 4254 multis
711 4197 773 4253 lacit
793 4198 862 4254 Deus
875 4197 923 4252 ista
932 4197 958 4252 in
971 4197 1022 4251 isto
1035 4202 1164 4267 tempore,
1177 4195 1225 4251 sed

442 4306 494 4344 tion
506 4291 638 4345 omnibus.
653 4289 682 4346 Si
697 4291 767 4345 euim
783 4288 882 4345 nemini
897 4287 1007 4355 laceret,
1019 4287 1094 4360 quasi
1116 4301 1168 4343 non
1182 4286 1224 4342 ri·

441 4379 549 4435 deretur
558 4379 666 4450 uigilare
681 4379 768 4435 diuina
782 4378 945 4449 providentia
959 4396 966 4432 ι
979 4377 1001 4434 si
1010 4378 1132 4433 omnibus
1153 4378 1225 4434 laee-

442 4478 493 4537 ret,
509 4485 562 4524 uon
576 4479 726 4525 seruaretur
740 4469 827 4524 diviua
839 4469 974 4539 patientia.
985 4468 1025 4524 'lu
1040 4479 1137 4533 umen,
1151 4469 1225 4523 cliri-

442 4563 538 4626 stianc,
553 4560 666 4616 tolerare
687 4561 812 4627 didicisti,
834 4575 888 4616 troo
902 4560 1043 4616 uindictam
1065 4560 1224 4616 retribuere.

442 4651 575 4708 vindicari
601 4651 651 4717 ris,
676 4651 839 4707 eluistiauel
866 4652 989 4708 Nondum
1010 4650 1156 4707 uindicatus
1184 4660 1226 4708 est

441 4744 573 4800 cbristus.
585 4745 625 4799 An
641 4752 668 4800 tu
682 4758 774 4814 passus
784 4744 981 4815 esimprolmm,
995 4756 1022 4799 ct
1036 4743 1081 4800 ille
1095 4760 1148 4800 nou
1161 4722 1224 4815 p'as·

442 4836 558 4893 susestl
569 4835 662 4891 Nonne
673 4835 746 4907 prior
759 4851 807 4906 pro
817 4844 843 4891 te
856 4851 950 4907 passus
971 4844 1022 4902 cst,
1040 4837 1086 4909 qui
1107 4853 1159 4893 non
1175 4837 1225 4892 lia·

442 4930 522 4985 bebat
534 4945 615 5003 quare
626 4929 777 5000 pateretur?
797 4928 863 4986 Nam
886 4931 913 4984 in
936 4940 961 4986 te
983 4931 1118 4987 tribulatio
1131 4930 1224 4989 loruax

442 5021 555 5077 airriltcis
563 5031 603 5078 est
616 5020 649 5095 (si
662 5030 748 5076 umen
757 5035 849 5075 aurum
861 5021 908 5088 sis,
916 5029 942 5077 et
953 5034 1004 5074 non
1016 5021 1119 5092 palea),
1129 5031 1158 5076 ut
1168 5035 1227 5077 sor·

442 5114 518 5168 dibus
529 5129 630 5180 careas,
646 5130 699 5169 non
713 5115 739 5169 in
751 5098 870 5170 cinerem
885 5114 1057 5168 convertaris.

478 5206 520 5260 ti.
536 5205 609 5278 [rere
623 5206 681 5279 aa]
697 5206 799 5279 Dilipicc
811 5205 955 5271 Domuum,
970 5221 1055 5260 ouruer
1065 5208 1226 5277 murtelac:

442 5297 558 5367 quoniam
578 5297 705 5352 eeritmem
724 5299 830 5369 requiret
850 5297 987 5361 Domuum,
1011 5304 1035 5351 et
1052 5296 1169 5352 retribuet
1186 5299 1226 5353 ltic

441 5390 484 5459 qui
501 5389 657 5444 abundanter
674 5391 770 5460 [ααίιιιι
788 5391 941 5463 reperiittm.
960 5388 1012 5446 Sed
1031 5390 1135 5461 quando
1148 5391 1226 5446 retri-

443 5481 525 5535 buctl
539 5479 561 5536 0
576 5480 599 5535 si
617 5480 695 5538 modo
711 5482 887 5538 retribueret!
902 5482 981 5538 modo
994 5496 1040 5538 eos
1050 5481 1171 5538 uolebam
1185 5483 1226 5538 ri-

441 5574 506 5630 dere
523 5573 674 5630 humiliatos
692 5583 770 5645 atque
787 5584 943 5644 prostratos.
955 5575 1051 5632 Audite
1064 5576 1126 5647 quid
1138 5577 1227 5648 sequi·

442 5675 485 5721 tur
501 5682 508 5720 :
527 5664 637 5719 l'iriliter
653 5665 727 5736 cpite.
739 5664 826 5721 Nolite
840 5667 922 5722 lassas
936 5682 1030 5722 manus
1042 5653 1067 5722 in
1082 5667 1228 5723 tribulatio·

442 5756 520 5813 nibus
538 5756 692 5824 dimittere,
713 5771 766 5812 uon
786 5764 878 5811 uiuunt
895 5771 980 5828 genua
998 5768 1096 5815 restra.
1118 5758 1228 5814 viriliter

443 5849 526 5920 cpite,
544 5856 567 5902 et
586 5850 740 5918 confortetur
761 5863 805 5900 cor
825 5856 931 5901 oestrum
944 5848 1001 5904 :ad
1020 5849 1189 5919 perpetienda
1201 5858 1227 5907 et

444 5938 578 5996 toleranda
600 5939 688 5994 onmia
709 5938 778 5995 mala
800 5936 877 6008 buiris
894 5937 984 5994 seculi
1002 5939 1164 5995 oonlortetur
1181 5955 1229 5996 eor

445 6045 570 6087 rourum.
589 6031 641 6088 Sed
660 6030 704 6103 qui
726 6038 788 6087 sunt
808 6031 903 6101 qulbus
921 6027 977 6086 haee
996 6029 1061 6086 dicit
1073 6030 1226 6099 molleta:

450 6122 647 6197 liciliteraqttc,
662 6133 686 6179 et
695 6126 847 6194 confortetur
856 6138 899 6180 car
911 6124 1040 6178 terrram?
1051 6125 1177 6197 numquid
1187 6124 1229 6183 ltis

1025 698 1053 755 S.
1075 690 1253 753 cucusum
1274 691 1423 753 autscout

2017 696 2073 754 eto

1285 808 1330 875 qui
1353 809 1465 881 diligunt
1484 810 1630 868 munduml
1650 810 1718 868 Nou.
1737 812 1789 869 Sed
1808 812 1902 885 quibus
1920 812 2007 880 dicit,
2024 827 2072 869 au·

1284 900 1339 956 dite
1352 919 1359 956 :
1373 901 1465 957 Omrrec
1476 904 1520 972 qai
1531 904 1637 975 speratis
1647 905 1673 959 iu
1683 902 1804 963 Domitio.

1484 1119 1524 1181 ΙΝ
1545 1117 1734 1181 Psttttttut
1754 1114 1865 1179 XXXI

1546 1238 1745 1296 ENARRleO
1763 1238 1784 1294 l.

1501 1351 1558 1423 Ipsi
1570 1351 1652 1407 llarid
1663 1352 1842 1423 iutelliqeutite.

1319 1466 1344 1519 l.
1361 1463 1435 1538 [cepa.
1452 1464 1490 1539 l.]
1510 1465 1562 1538 lpsl
1576 1466 1657 1522 David
1672 1465 1868 1536 intelligentia,
1883 1479 1935 1538 qua
1946 1463 2075 1539 intelligi·

1281 1564 1324 1611 tur
1333 1573 1384 1613 tion
1396 1558 1497 1613 tueritis
1509 1574 1633 1629 operum,
1648 1557 1694 1613 sed
1707 1559 1789 1629 gratia
1803 1557 1850 1614 Dei
1861 1557 1998 1614 bominem
2007 1555 2074 1613 libe·

1280 1648 1349 1712 rari,
1365 1648 1533 1705 confitentem
1549 1659 1654 1720 peccata
1666 1665 1724 1704 sua.
2111 1711 2114 1716 ,

1314 1740 1341 1794 2.
1360 1737 1434 1811 [aar.
1446 1739 1487 1814 Ξ]
1509 1740 1581 1796 licati
1593 1743 1699 1814 quorum
1712 1743 1892 1797 remisserunt
1906 1740 2075 1813 iniquitates,

1279 1839 1302 1885 ct
1323 1847 1430 1899 quorum
1451 1842 1514 1886 tecta
1534 1842 1591 1887 caut
1609 1842 1710 1903 peccata
1729 1848 1739 1887 .·
1757 1843 1784 1889 et
1795 1847 1906 1903 quorum
1920 1842 2030 1903 peecata
2046 1832 2074 1888 in

1279 1921 1437 1977 obliuionem
1461 1922 1538 1978 drrcta
1560 1932 1631 1979 suut.
1657 1921 1748 1977 Beatus
1768 1925 1804 1978 uir
1820 1925 1860 1978 cai
1874 1941 1923 1978 nou
1938 1925 2075 1995 imputauit

1278 2010 1402 2067 Doudoua
1425 2024 1570 2083 peccatum,
1591 2031 1636 2069 nec
1654 2023 1690 2069 ert
1702 2015 1728 2068 iu
1747 2031 1789 2070 ore
1802 2016 1856 2086 mus
1868 2014 1942 2069 dolus
1957 2029 2031 2071 :nec
2045 2013 2072 2069 in

1279 2118 1326 2158 ore
1336 2118 1383 2158 suo
1394 2104 1473 2161 habet
1485 2107 1688 2162 ostentationem
1699 2106 1808 2178 iustitiae
1818 2149 1826 2175 ,
1837 2121 1897 2162 cum
1909 2106 2074 2163 couscientia

1279 2195 1336 2265 ejus
1349 2198 1462 2265 peccatis
1477 2198 1553 2268 plena
1566 2206 1617 2253 est·
2098 2269 2101 2274 ,

1314 2287 1340 2342 5.
1356 2286 1430 2359 [aar.
1444 2287 1483 2360 5.]
1504 2288 1628 2357 Quoniam
1639 2289 1714 2356 tacui,
1725 2291 1921 2343 inveteraverunt
1930 2304 2071 2347 erronica:

1278 2380 1402 2450 quoniam
1426 2397 1479 2437 non
1502 2382 1598 2452 protuli
1620 2396 1666 2437 ore
1686 2381 1883 2438 confessionem
1905 2380 2072 2437 adsalutem

1281 2472 1367 2543 (dotat.
1382 2489 1414 2539 x,
1431 2473 1493 2542 te),
1509 2474 1595 2528 omnis
1610 2473 1720 2527 lirmitts
1733 2488 1791 2526 mea
1806 2473 1832 2526 in
1844 2470 2073 2526 iullrmitatecon·

1277 2564 1376 2620 senuit.
1399 2566 1420 2618 Α
1439 2564 1572 2619 clanmndo
1591 2581 1630 2619 rire
1650 2574 1702 2619 tota
1722 2563 1856 2618 die:eum
1870 2577 1958 2618 essem
1973 2562 2072 2633 impius

1278 2667 1356 2728 atque
1377 2655 1566 2725 blasphemus,
1592 2654 1732 2710 clamando
1753 2662 1845 2711 contra
1868 2654 1973 2734 Deum,
1996 2653 2071 2724 quasi

1278 2747 1424 2804 defendens
1436 2755 1464 2802 et
1476 2762 1607 2804 excusans
1619 2755 1725 2818 peccata
1737 2761 1806 2802 urea.

1313 2842 1340 2895 d.
1356 2838 1431 2913 [rma.
1445 2837 1484 2911 4.]
1510 2839 1634 2905 Quoniam
1648 2838 1689 2893 die
1704 2855 1734 2892 ac
1747 2846 1818 2892 uocte
1830 2845 1933 2908 morata
1945 2846 1985 2891 est
1997 2851 2071 2906 cuper

1278 2949 1318 2987 me
1334 2948 1423 2986 marrus
1437 2941 1480 2984 tue
1495 2948 1504 2985 .·
1517 2931 1641 3002 quoniam
1655 2930 1778 2986 continua
1793 2928 1937 2983 alilietione
1952 2926 2086 2998 flagello,

1278 3040 1335 3078 runt
1358 3032 1479 3089 tuorum,
1501 3022 1639 3077 Corruerrac
1658 3039 1713 3075 sam
1728 3024 1755 3075 iu
1774 3038 1887 3076 arumna
1900 3036 1956 3074 mco
1970 3022 1995 3087 ¹,
2010 3020 2071 3075 dum

1278 3117 1443 3187 corruperam
1460 3115 1543 3186 epium
1557 3114 1636 3170 lliser
1649 3114 1732 3170 lactus
1743 3130 1803 3169 sum
1818 3114 2005 3185 cognoscendo
2019 3113 2070 3169 mi·

1278 3209 1373 3265 seriam
1388 3223 1494 3275 nicam,
1510 3215 1683 3276 compunctus
1698 3206 1765 3261 mala
1778 3206 1950 3262 conscientia.

1313 3302 1341 3356 5.
1355 3298 1428 3371 [aar.
1445 3299 1484 3371 5.]
1507 3299 1544 3370 (u)
1558 3297 1695 3355 Peccatum
1708 3316 1790 3353 aueum
1799 3299 1903 3370 copnooi
1914 3341 1921 3365 ,
1934 3308 1958 3352 ct
1968 3298 2071 3370 injucti-

1278 3395 1339 3449 tiam
1350 3412 1431 3449 meam
1444 3411 1494 3449 nou
1506 3395 1596 3468 operui
1609 3411 1618 3449 .·
1633 3395 1730 3464 idest,
1745 3395 1899 3466 injustitiam
1914 3410 2002 3451 meam
2016 3410 2070 3452 non

1277 3489 1416 3545 occultavi·
1435 3487 1497 3543 uixi
1512 3507 1522 3543 .·
1536 3488 1707 3544 Prortuutiabo
1720 3490 1852 3544 aduersam
1864 3507 1905 3544 me
1917 3490 2070 3561 injustitiam

1278 3596 1358 3634 aream
1380 3579 1498 3635 Dorilao.
1520 3581 1579 3636 Dixi
1602 3598 1610 3636 :
1634 3580 1832 3649 Pronuntiabo,
1851 3596 1905 3637 non
1926 3581 2071 3638 adrersmu

1279 3671 1380 3739 Deum,
1396 3671 1463 3727 sieut
1476 3673 1501 3727 in
1515 3673 1631 3729 clamore
1646 3673 1790 3743 impietatis
1804 3673 1910 3744 quaudo
1924 3673 2008 3741 meai,
2022 3672 2070 3731 sed

1277 3761 1416 3818 adversum
1426 3779 1469 3819 me
1482 3763 1635 3834 injustitiam
1647 3780 1733 3820 meam
1747 3765 1867 3820 Dotrrino.
1879 3761 1914 3818 Et
1929 3775 1955 3817 tu
1969 3763 2070 3818 curtiri-

1277 3854 1309 3908 ιιι·
1321 3853 1473 3925 impietatem
1487 3855 1570 3909 cordis
1583 3855 1631 3909 mai
1643 3871 1653 3909 :
1667 3854 1776 3910 audieus
1790 3869 1882 3910 rocem
1894 3853 2071 3911 confessionis

1277 3945 1303 4001 in
1313 3944 1394 4001 corde
1403 3987 1410 4010 ,
1420 3953 1560 4016 antequam
1574 3960 1639 4001 voce
1652 3945 1824 4016 proterretur.

1312 4036 1339 4092 6.
1361 4034 1435 4110 [uera.
1469 4035 1507 4110 6.]
1530 4035 1583 4091 Pro
1600 4039 1648 4092 liar
1660 4037 1740 4091 orabit
1752 4036 1786 4090 ad
1798 4046 1822 4090 te
1833 4038 1913 4093 omnis
1927 4045 2030 4093 sanctu
2043 4038 2071 4093 itt

1282 4139 1393 4201 tempore
1409 4139 1549 4203 opportuno
1572 4147 1581 4184 :
1602 4131 1716 4202 probae
1735 4130 1870 4202 impietate
1886 4129 1975 4187 cordis
1990 4131 2025 4187 ad
2045 4140 2071 4188 te

1277 4223 1365 4279 orabit
1385 4223 1473 4278 omnis
1493 4230 1611 4278 moetus.
1632 4221 1690 4277 Non
1711 4223 1782 4278 cuim
1802 4221 1902 4278 meritis
1914 4222 1970 4278 suis
1984 4222 2071 4279 saneti

1278 4323 1371 4381 erurit,
1386 4314 1433 4370 sed
1446 4314 1641 4386 opportunitate
1653 4314 1790 4384 temporis,
1802 4314 1853 4371 boc
1863 4323 1903 4370 est
1915 4314 1942 4370 in
1953 4315 2071 4373 adveatu

1278 4409 1391 4481 ejusqui
1404 4424 1452 4465 uos
1466 4424 1481 4464 a
1494 4409 1609 4479 peccatis
1619 4407 1739 4465 redemit.
1754 4406 1929 4463 l'eruauameu
1939 4408 2071 4463 indituoio

1277 4517 1401 4572 aquarum
1412 4500 1565 4564 multarum,
1580 4500 1614 4554 od
1625 4517 1681 4554 rum
1693 4517 1743 4554 uon
1754 4499 1990 4572 appropinquabunt
2002 4515 2014 4554 .·
2025 4514 2072 4556 re·

1278 4604 1426 4648 rumtamen
1441 4607 1520 4648 nemo
1533 4592 1694 4660 arbitretur,
1710 4607 1770 4648 cum
1786 4599 1895 4661 repente
1911 4590 1972 4646 linis
1986 4605 2073 4647 reue

1278 4684 1328 4750 rit,
1349 4683 1417 4738 sicut
1435 4682 1462 4737 in
1480 4682 1572 4738 diebus
1592 4681 1665 4748 Noe,
1686 4697 1824 4737 remanere
1840 4681 2015 4737 corilessionis
2029 4681 2071 4738 lo·

1277 4789 1355 4842 eum,
1372 4789 1420 4844 per
1431 4789 1510 4845 quam
1524 4774 1712 4845 propinquetur
1725 4774 1758 4830 ad
1772 4775 1867 4830 Deum.

1312 4869 1339 4922 'l.
1362 4865 1435 4939 [uera
1455 4865 1495 4940 7.]
1528 4865 1566 4919 Tu
1585 4867 1646 4920 ouidi
1666 4883 1691 4920 es
1708 4867 1833 4938 resupium
1849 4885 1865 4920 a
1882 4882 1999 4937 pressura
2013 4880 2075 4937 quoe

1278 4959 1441 5014 circumdedit
1460 4975 1501 5013 ane
1515 4974 1524 5012 :
1539 4967 1567 5014 tu
1580 4957 1643 5012 ntibi
1657 4973 1687 5014 es
1698 4957 1828 5030 refugium
1842 4975 1856 5012 a
1872 4973 1993 5028 pressura
2009 4974 2075 5028 pee-

1277 5061 1416 5118 catorum,
1429 5066 1487 5123 quce
1498 5049 1670 5107 circumdedit
1684 5065 1730 5106 cor
1739 5066 1838 5106 meum.
1850 5051 1991 5107 Errabatio
2002 5068 2073 5119 mea,

1277 5143 1372 5198 redime
1389 5158 1429 5196 me
1446 5158 1466 5195 a
1481 5141 1692 5197 circumdantibus
1714 5158 1753 5196 me
1767 5158 1776 5196 :
1792 5141 1818 5196 in
1834 5151 1860 5198 te
1873 5141 1937 5196 mibi
1953 5149 1993 5196 est
2006 5157 2076 5213 gau·

1278 5232 1368 5300 dium,
1390 5231 1492 5290 redime
1507 5247 1552 5288 me
1563 5230 1597 5286 ab
1610 5246 1641 5288 ea
1654 5231 1758 5287 tristitia
1771 5274 1779 5300 ,
1792 5248 1870 5304 quarn
1884 5232 1947 5287 milti
1960 5242 2075 5302 peccata

1278 5339 1337 5379 ntea
1350 5323 1458 5380 iaciunt.

1313 5416 1340 5472 8.
1362 5414 1436 5488 [ocra.
1456 5414 1496 5487 8.]
1518 5413 1558 5489 (ὁ)
1585 5414 1732 5486 Responsio
1747 5415 1794 5470 bei
1809 5434 1815 5470 :
1832 5413 1990 5470 Iidellertum
2005 5415 2076 5472 delto

1279 5509 1342 5574 tili,
1361 5519 1385 5564 et
1403 5517 1511 5564 statuam
1533 5517 1556 5562 te
1577 5509 1603 5562 in
1615 5509 1656 5562 uia
1672 5510 1719 5561 bac
1731 5525 1780 5575 quo
1792 5509 1913 5580 prodieris
1927 5509 1947 5562 '.
1962 5507 2075 5566 intelle·

1279 5610 1350 5657 ctum
1370 5599 1438 5657 dabo
1458 5600 1504 5655 tibi
1524 5611 1585 5671 post
1597 5600 1810 5667 confessionem,
1827 5610 1854 5656 ut
1868 5617 1920 5655 nou
1933 5601 2046 5656 recedas
2059 5619 2077 5660 a

1280 5695 1321 5749 ria
1335 5708 1386 5765 qua
1402 5693 1570 5765 ingredieris,
1585 5708 1619 5749 ue
1636 5701 1687 5748 tuce
1702 5693 1839 5764 potestatis
1852 5708 1910 5749 esse
1923 5693 1998 5748 celis.
2018 5694 2076 5750 Ob·

1280 5881 1509 6006 fflflfflffi'
1521 5884 1609 5934 omism
1623 5895 1684 5944 urea,
1697 5889 1836 5934 constanter
1846 5883 1937 5936 babent
1947 5884 1972 5936 iu
1983 5897 2083 5941 maru-

1314 6009 1325 6039 ¹
1337 6015 1388 6056 uss.
1402 6009 1427 6055 in
1438 6007 1482 6057 bae
1493 6013 1519 6057 et
1530 6021 1555 6058 ιιι
1565 6013 1644 6059 inan.
1657 6019 1721 6070 seq,
1733 6007 1883 6072 maredicrir.

1326 6069 1350 6130 a)
1364 6070 1503 6130 oiapsatma.

1327 6129 1352 6193 bt
1366 6129 1505 6192 omimium.
