5025 6925
451 658 509 719 ¹3⁰3

458 789 484 829 ut
495 777 544 830 lroc
557 774 582 829 in
596 771 740 843 nrystcrtu:
756 766 870 821 naiadum
884 776 941 821 crat
955 762 1112 820 saeribcinrn
1123 758 1242 833 corporis

459 882 485 925 rt
508 866 642 937 sarrguiuis
667 862 781 927 Domini,
805 860 876 930 quod
898 859 988 913 lrdcles
1013 864 1127 918 norunt,
1150 863 1177 910 et
1196 852 1243 925 qui

459 957 629 1027 lirarrgcliurn
643 954 772 1024 legerunt,
784 951 854 1022 qarod
865 950 1022 1006 sacrilicium
1034 962 1103 1002 nune
1114 944 1241 1016 diffusum

456 1060 497 1104 est
520 1056 575 1102 toto
595 1046 659 1100 orbe
675 1053 815 1100 terrarum.
836 1041 978 1112 Proponite
998 1053 1061 1109 crgo
1083 1037 1160 1090 nohis
1180 1044 1243 1092 autc

435 1128 437 1131 ’
457 1143 547 1198 urcelos
561 1140 613 1193 rluo
626 1138 766 1204 sacrificia,
784 1145 811 1190 ct
823 1134 887 1190 illud
900 1131 1046 1189 seeundum
1056 1129 1176 1186 ordinem
1185 1129 1241 1184 Aa·

451 1253 519 1299 rou,
538 1242 567 1289 et
583 1232 634 1287 hnc
647 1230 792 1285 secundum
813 1228 933 1282 ordinem
954 1222 1159 1280 Melchisedech.
1174 1221 1243 1277 Scri·

458 1344 530 1400 ptum
555 1334 596 1380 est
619 1323 689 1378 enim
704 1339 711 1375 ι
727 1320 826 1374 1ιιιιιιίι
849 1315 989 1382 Dominus,
1009 1327 1033 1371 et
1053 1331 1103 1370 non
1118 1312 1243 1384 penitebit

456 1435 521 1479 ιιιιιι,
529 1424 560 1469 ιιι
572 1430 600 1469 ιι
611 1412 726 1468 sacerdos
736 1412 762 1465 in
776 1419 896 1464 ueternum
908 1405 1044 1463 retundunt
1053 1404 1166 1458 ordinem
1180 1401 1243 1457 ttet-

457 1508 570 1563 cln‘acdee
597 1504 682 1579 (Paul.
696 1519 749 1568 ιιι,
764 1503 804 1572 bl.
817 1502 853 1556 Ue
865 1515 918 1571 quo
931 1498 1027 1554 dicitur
1041 1511 1048 1551 :
1066 1494 1104 1549 Tu
1117 1512 1143 1550 er
1155 1510 1240 1549 ancer·

457 1605 501 1656 tos
520 1602 545 1655 iu
563 1608 684 1655 telenum
697 1594 833 1651 secumdum
858 1591 971 1646 ordinem
993 1587 1178 1644 ttetcttuutect
1202 1586 1241 1639 Ue

457 1691 568 1746 barutino
583 1696 674 1744 nostro
686 1686 747 1742 lesu
760 1684 874 1741 cbristo.
889 1681 953 1752 Quis
966 1690 1024 1737 erat
1047 1678 1240 1735 lleleb'rscdcc?

455 1783 512 1840 llos
524 1782 624 1838 Salem.
638 1779 725 1834 Salem
741 1777 833 1832 civitas
846 1774 896 1830 luit
908 1785 995 1839 antea,
1008 1773 1052 1828 illa
1066 1787 1125 1844 quae
1137 1779 1239 1843 postea,

453 1876 523 1934 sicut
542 1871 614 1928 docti
635 1868 829 1942 prodiderunt,
843 1866 988 1923 Jerusalem
1006 1863 1076 1919 dicta
1098 1872 1147 1919 est.
1168 1862 1240 1933 Ergo

454 1975 594 2035 antequam
609 1962 646 2016 ihi
659 1966 801 2031 regnarent
814 1956 910 2024 indui,
927 1955 962 2010 ihi
981 1964 1039 2010 erat
1052 1954 1097 2009 ille
1111 1952 1236 2008 sacerdos

454 2052 638 2118 blelclrisedce,
665 2050 710 2121 qui
736 2049 860 2104 scribitur
878 2047 905 2102 in
925 2044 1022 2103 Genesi
1041 2043 1171 2100 Sacerdos
1193 2043 1238 2098 bet

454 2145 552 2202 excelsi
569 2142 644 2215 (Gen.
658 2157 711 2209 xiv,
728 2140 783 2211 ta).
799 2138 857 2211 lpse
869 2135 1116 2202 occurrithhrahoe,
1133 2134 1239 2205 quando

453 2235 575 2294 liberavit
591 2234 642 2289 Lot
655 2232 689 2288 de
705 2247 785 2287 mann
810 2228 1040 2300 persequentium,
1055 2236 1081 2281 et
1096 2225 1239 2297 prostravit

454 2342 500 2382 eos
513 2341 527 2379 a
542 2324 638 2396 quihus
652 2320 696 2379 ille
708 2321 856 2383 tenebatur.
870 2328 899 2392 et
907 2318 1029 2374 liberarit
1038 2317 1145 2372 tratrem
1158 2334 1166 2370 :
1180 2322 1238 2385 pust

453 2417 637 2472 liberationem
648 2414 736 2469 fratris
745 2413 860 2468 oecrrrrit
870 2410 894 2465 ei
907 2407 1090 2465 Melchisedec.
1105 2407 1138 2463 Et
1150 2413 1238 2460 tantus

452 2507 725 2575 eratllelchiscdcc,a
737 2521 790 2576 quo
802 2503 1006 2560 benediceretur
1015 2500 1158 2557 Abraham.
1170 2498 1237 2553 Pro·

453 2600 512 2655 tulit
525 2614 621 2670 panem
634 2607 661 2654 et
674 2598 779 2660 vinnm,
798 2603 826 2651 ιι
843 2594 979 2651 benedixit
992 2591 1137 2656 tlbralram,
1153 2600 1179 2646 et
1193 2590 1237 2645 de·

452 2691 490 2746 dit
509 2692 533 2747 ei
553 2689 671 2745 decimas
688 2686 833 2743 Abraham.
854 2684 948 2741 Videte
970 2683 1033 2755 qaid
1056 2681 1175 2754 protulit,
1194 2680 1236 2737 ct¹

453 2798 531 2852 quern
544 2779 687 2837 benedixit.
701 2779 734 2834 Et
746 2778 845 2833 dictum
858 2786 899 2832 est
911 2788 1000 2846 postea
1013 2794 1020 2828 ε
1031 2774 1071 2829 Tu
1084 2792 1110 2830 er
1122 2765 1237 2829 recubos

451 2874 477 2926 in
489 2883 612 2927 ortunum
623 2869 760 2925 seeundum
774 2868 887 2923 ordinum
900 2866 1074 2921 Melchisedec.
1091 2866 1171 2921 liarid
1186 2866 1237 2921 hoe

452 2967 478 3019 in
490 2964 588 3035 Spiritu
603 2962 669 3017 dixit
682 2960 760 3032 longe
774 2968 834 3031 post
846 2957 979 3014 Abraham
994 2976 1002 3014 ι
1017 2957 1180 3029 temporibus
1191 2972 1237 3010 an-

451 3068 503 3114 tem
517 3055 631 3111 tumtue
642 3054 691 3109 luit
708 3051 892 3110 llelclrisedec.
912 3051 949 3107 Ue
962 3066 1014 3121 qno
1027 3051 1079 3105 alio
1093 3050 1173 3117 dicit,
1190 3050 1229 3104 Tu

449 3168 475 3206 es
489 3149 604 3205 tuendus
616 3149 643 3203 in
653 3156 771 3203 eternum
783 3146 919 3201 seeundum
930 3143 1042 3197 ordinem
1056 3140 1233 3209 Melchisedec,

451 3244 499 3297 nisi
513 3242 547 3298 dc
559 3242 605 3297 illo
619 3241 695 3311 cujus
707 3238 791 3294 nostis
805 3236 985 3294 sacritieinml

485 3334 511 3389 d.
531 3331 667 3388 Sublatam
682 3340 721 3386 est
734 3344 796 3400 ergo
813 3327 969 3383 sacriticium
988 3328 1074 3381 baron
1087 3366 1095 3391 ,
1110 3336 1137 3381 ιι
1152 3326 1235 3395 coepta

449 3439 509 3480 esse
533 3420 690 3479 sacrificium
718 3419 862 3476 mearndtuu
895 3417 1014 3474 ordinem
1047 3417 1234 3473 llelehisedcc.

450 3510 519 3585 Ergo
534 3515 637 3568 mutauit
652 3513 741 3568 nescio
753 3512 812 3582 quis
824 3511 920 3564 uultum
937 3525 1020 3563 suum.
1040 3508 1104 3578 Quis
1122 3516 1163 3563 est
1185 3508 1235 3564 iste

450 3606 634 3676 nescioquis?
654 3604 711 3660 Non
733 3605 769 3660 sit
788 3603 877 3657 nescio
898 3602 976 3673 orris:
993 3611 1070 3656 notus
1084 3609 1126 3656 est
1138 3601 1234 3657 enim·

451 3684 577 3751 lbnn'rinus
588 3706 677 3750 noster
686 3693 763 3749 lusus
772 3693 903 3747 Christus.
912 3691 939 3746 lu
950 3705 1062 3761 corpore
1071 3700 1098 3747 ιι
1107 3691 1235 3762 sauguine

448 3806 497 3847 suo
512 3791 593 3844 uoluit
607 3803 667 3844 esse
680 3786 791 3841 salutem
805 3793 930 3838 nostrum.
951 3781 1027 3839 Unde
1046 3792 1135 3838 autern
1156 3772 1234 3838 ¹cunr·

448 3881 582 3937 urcndnnit
595 3895 691 3948 corpus
711 3888 738 3933 ct
758 3876 912 3947 sarrguincm
933 3889 1009 3930 sumn
1023 3874 1137 3947 (llottb.
1151 3889 1231 3942 surr,

446 3974 482 4029 26
495 3973 525 4043 )l
538 3973 575 4027 Ue
596 3969 744 4025 humilitate
765 3981 822 4021 sua.
844 3966 899 4020 Nisi
922 3965 991 4020 enim
1014 3975 1085 4021 esset
1108 3964 1230 4031 humilis,

447 4083 497 4123 uec
510 4065 733 4129 maudncaretur,
746 4075 795 4116 nee
813 4061 957 4116 biberetur.
982 4059 1095 4130 Respice
1115 4059 1232 4114 altitudi-

374 4196 376 4200 ·
447 4175 506 4213 nem
522 4158 604 4226 ipsius
615 4173 622 4209 ε
635 4152 668 4208 ln
680 4152 804 4225 principio
815 4161 867 4206 erut
886 4150 989 4205 Verbum
1001 4191 1009 4214 ,
1023 4160 1047 4205 et
1061 4149 1168 4206 l'erlrurn
1178 4161 1232 4205 erut

447 4251 516 4318 uprrd
532 4248 628 4314 Deum,
643 4256 666 4301 et
676 4244 744 4300 Deus
757 4253 809 4299 erut
826 4242 934 4298 Verbum
946 4244 956 4314 (
966 4241 1044 4298 toan.
1058 4259 1087 4308 1,
1104 4243 1148 4314 l).
1163 4243 1231 4299 Ecce

445 4340 520 4392 cilnrs
535 4339 709 4406 sempiternus
724 4355 730 4390 :
746 4335 793 4391 sed
814 4332 974 4388 manducant
988 4334 1099 4404 hugell,
1117 4334 1230 4389 mandu-

445 4423 506 4485 ram
518 4444 639 4498 supernae
651 4428 765 4482 Virtutes
776 4468 785 4491 ,
798 4425 957 4481 manducant
968 4427 1090 4482 eoelcstes
1099 4426 1229 4496 Spiritus.

445 4531 473 4577 et
486 4519 675 4578 manducantes
688 4519 840 4589 saginantur
851 4559 859 4583 ,
872 4528 899 4573 et
913 4517 1043 4588 integrum
1056 4527 1146 4574 manet
1158 4521 1229 4590 quod

444 4627 491 4669 eos
504 4612 583 4668 satiat
594 4618 622 4666 et
639 4609 765 4663 laetillcat.
789 4606 853 4674 Quis
873 4616 960 4662 autem
984 4608 1063 4663 homo
1086 4618 1175 4678 posset
1195 4609 1228 4665 ad

444 4706 517 4761 illum
532 4699 643 4758 eibum?
657 4698 733 4756 Unde
744 4712 791 4752 cor
803 4706 855 4751 tam
866 4697 988 4752 idoneum
999 4699 1035 4753 illi
1049 4699 1109 4754 cibo
1118 4700 1130 4752 ‘3
1140 4699 1229 4766 Opor-

443 4798 515 4853 tehat
527 4809 590 4864 ergo
605 4800 634 4847 ιιι
647 4804 738 4845 mensa
752 4787 794 4841 illa
807 4787 980 4853 lactesceret,
1002 4797 1030 4844 et
1050 4789 1082 4844 ad
1104 4790 1227 4860 parrulos

442 4887 603 4960 perueniret.
618 4882 693 4940 Unde
706 4889 793 4935 autem
809 4879 837 4933 ιιι
850 4879 924 4935 cibus
939 4881 999 4936 laci
1019 4882 1089 4936 unde
1107 4881 1181 4938 cibus
1200 4884 1226 4937 in

443 4982 483 5035 lae
506 4975 690 5040 convertitur,
709 4970 768 5027 'nisi
780 4986 828 5041 per
848 4985 955 5025 earnem
976 4971 1141 5041 trajiciatur?
1159 4972 1225 5028 Nam

442 5079 527 5125 rrrater
539 5069 591 5123 hoc
603 5065 674 5121 lacit.
688 5061 763 5130 Quod
774 5060 915 5115 manducat
929 5070 1033 5127 mator,
1049 5063 1099 5118 lroc
1112 5065 1225 5120 mandu-

437 5167 485 5216 ‘eat
498 5158 603 5214 iulans:
618 5156 665 5212 scd
678 5155 738 5227 quia
753 5153 839 5208 nainus
860 5151 980 5207 idoneus·
993 5160 1036 5207 est
1057 5154 1142 5210 irrlans
1156 5198 1163 5221 ,
1179 5158 1225 5227 qui

441 5267 509 5322 pane
521 5257 661 5317 vescatur,
675 5248 759 5319 ipsum
775 5260 868 5316 panem
887 5255 973 5298 nratcr
986 5243 1125 5314 incarnat,
1138 5258 1165 5303 et
1179 5264 1225 5317 per
1245 5288 1253 5296 .

441 5343 617 5399 bumilitatem
638 5339 792 5394 mammillae
815 5347 841 5392 ιι
860 5337 935 5391 tactis
959 5350 1086 5404 succum,
1110 5337 1144 5393 de
1167 5339 1224 5408 ipso

440 5450 508 5507 pane
526 5434 609 5505 pascit
627 5430 763 5486 inlantem.
786 5428 924 5496 Quomodo
943 5442 1008 5498 ergo
1027 5427 1061 5484 de
1081 5430 1138 5500 ipso
1156 5447 1224 5500 pane

441 5525 511 5595 pauit
523 5536 572 5577 nos
584 5520 716 5590 Sapientia
736 5519 804 5575 bctt
824 5520 890 5584 Quia
917 5517 1026 5572 Verbum
1049 5536 1108 5575 euro
1129 5526 1224 5593 suctum

438 5625 495 5680 rut,
510 5613 660 5669 etbobituuit
671 5609 698 5662 in
709 5608 779 5663 nobis
799 5607 888 5679 (tutu.
913 5608 978 5678 tt).
994 5608 1086 5665 videte
1096 5626 1159 5681 ergo
1172 5611 1222 5667 hu·

437 5705 576 5761 militatem
587 5719 594 5756 :
605 5700 665 5771 quia
673 5712 768 5768 panem
780 5697 939 5766 Angelorum
948 5701 1116 5755 manducauit
1127 5700 1221 5770 homo,

438 5809 467 5853 nt
482 5797 609 5867 scripturn
621 5800 681 5857 est,
697 5787 794 5842 Panem
806 5788 861 5842 coeli
882 5788 950 5841 dedit
969 5790 1023 5854 eis,
1038 5806 1127 5858 punem
1140 5790 1223 5864 dupe-

469 5907 526 5960 t‘sic
536 5907 620 5981 plures
633 5911 686 5954 blss.
699 5900 791 5952 atrdd.
806 5913 814 5950 t
836 5897 917 5952 vidue
927 5899 986 5965 quid
997 5902 1095 5964 protulit
1111 5905 1134 5955 α’
1151 5918 1223 5968 quem

437 5969 565 6024 benedicat.
576 5975 603 6018 ιι
612 5965 703 6017 dium
712 5970 747 6014 ιιι
757 5961 781 6013 ei
790 5966 879 6025 postea.

468 6028 690 6090 ’nmnrmprobe
710 6034 772 6097 nolte
789 6035 852 6084 litte.
872 6022 972 6084 Qtdaert
987 6023 1032 6076 itte
1049 6027 1127 6077 macie
1142 6028 1221 6091 pub?

432 6096 519 6147 :estio
528 6093 582 6158 quia
591 6096 668 6140 ιιυιιιι.
680 6095 719 6140 ιιι
729 6101 802 6148 eitun,
814 6096 860 6140 mc.

1071 649 1099 701 s.
1112 619 1302 701 'nuousrnn
1322 648 1471 708 cursuum

2029 660 2083 720 adl

1298 762 1378 818 lurum
1391 766 1549 822 manducauit
1567 772 1641 826 iturus
1663 773 1672 844 i
1686 772 1754 829 ucat.
1772 790 1859 828 carun
1871 818 1878 838 ,
1892 774 1927 830 et
1939 777 1966 844 l:
1981 775 2008 829 iul
2021 785 2083 843 ιιι,

1298 852 1412 910 Verlrum
1434 858 1567 931 illudque
1588 875 1730 932 pascuntur
1749 865 1841 934 trigeti
1865 866 2083 936 sempiternum,

1295 944 1365 1015 quud
1386 956 1426 1001 est
1446 950 1548 1020 equam
1571 952 1661 1019 Patri,
1684 955 1853 1011 manducarit
1880 959 1959 1011 borno
1983 972 1989 1011 :
2020 959 2085 1030 ιιιιι

1295 1054 1351 1091 eum
1365 1040 1391 1094 iu
1408 1042 1490 1112 [orma
1512 1043 1560 1098 Dei
1579 1057 1658 1110 ιιιιι,
1679 1064 1729 1103 non
1749 1049 1866 1119 rupinum
1887 1049 2026 1107 arbitretur
2039 1047 2087 1109 ἰιι

1294 1143 1348 1182 eree
1358 1133 1462 1200 mortalia
1477 1132 1538 1189 lieo.
1551 1135 1708 1207 saginantur
1726 1139 1771 1194 illo
1790 1139 1884 1210 Angeli
1898 1159 1905 1196 :
1918 1140 1963 1195 sed
1987 1150 2083 1195 ιιιιιιι·

1294 1218 1379 1287 iprum
1397 1224 1551 1292 exinaniuit,
1568 1236 1596 1280 ιιι
1618 1229 1789 1288 manducaret
1802 1247 1895 1300 partem
1916 1232 2081 1304 Angelorum

1293 1308 1393 1377 homo,
1407 1314 1514 1384 {orntum
1527 1319 1590 1370 serui
1604 1320 1744 1388 occipiens,
1758 1321 1783 1373 in
1798 1323 1987 1377 multititudinem
1998 1324 2082 1378 luani-

1293 1416 1353 1455 num
1365 1405 1465 1473 foetur,
1479 1416 1502 1460 et
1513 1408 1598 1462 imbitu
1613 1410 1725 1465 iuuentus
1736 1421 1764 1465 ut
1777 1412 1870 1479 tronto:
1891 1413 2035 1468 tumidam
2051 1429 2079 1474 ιι

1293 1492 1376 1561 furtum
1385 1493 1499 1550 obediens
1512 1514 1589 1568 utque
1599 1498 1633 1552 ud
1647 1511 1750 1555 rnortcut
1762 1543 1769 1564 ,
1783 1513 1887 1557 trturtent
1900 1511 1985 1557 cratem
1998 1503 2081 1560 mdc

1293 1582 1425 1657 (Philipp.
1441 1604 1477 1651 ιι,
1492 1577 1559 1661 bb)
1573 1608 1579 1642 r
1594 1601 1621 1645 ιιι
1631 1594 1685 1662 jam
1699 1594 1732 1648 dc
1752 1609 1832 1650 eruce
1843 1594 2082 1652 commendaretur

1292 1674 1368 1729 uolris
1395 1692 1457 1732 carn
1480 1691 1507 1735 et
1528 1684 1635 1753 sanguis
1658 1684 1759 1739 bomini
1782 1701 1880 1742 noratur
1903 1687 2078 1744 sacrillciam.

1291 1764 1358 1835 Quia
1379 1769 1481 1822 mutauit
1502 1772 1596 1825 uultum
1617 1789 1689 1827 suum
1707 1791 1792 1830 eorum
1815 1776 1972 1843 Abimeleeir,
1991 1777 2018 1833 id
2038 1788 2083 1836 est

1291 1869 1381 1912 coram
1396 1874 1477 1929 regno
1498 1864 1591 1931 patris.
1612 1865 1732 1937 llegnnm
1752 1868 1823 1922 enim
1844 1868 1944 1939 patris,
1965 1886 2080 1943 regulum

1291 1957 1349 2001 erat
1364 1948 1526 2006 iudeorum.
1546 1952 1684 2023 Quomodo
1703 1972 1811 2029 regnum
1834 1961 1936 2029 patrisl
1955 1956 2100 2033 ttegnuau'

1292 2038 1394 2103 barte,
1411 2058 1519 2113 regnum
1534 2048 1657 2104 hhralrm.
1680 2048 1745 2104 llam
1770 2049 1879 2123 rognum
1902 2054 1947 2109 lici
1969 2054 2080 2125 Patris,

1292 2132 1374 2202 magis
1385 2133 1503 2190 Ecclesia
1516 2154 1595 2209 qrtarn
1610 2142 1881 2211 popntnstudaeornrn
1895 2164 1902 2200 :
1918 2146 1965 2203 sed
1978 2162 2082 2203 secun·

1290 2220 1352 2277 dum
1373 2238 1479 2280 carnem
1500 2243 1611 2298 regnum
1631 2232 1713 2301 patris
1732 2234 1845 2304 populus
1866 2234 1956 2292 lsrael.
1971 2236 2080 2295 Uicutur

1290 2321 1331 2373 est
1344 2316 1415 2372 enirn
1430 2336 1436 2372 :
1450 2318 1484 2373 b't
1497 2319 1602 2376 tubitet
1623 2322 1691 2379 Deua
1710 2325 1793 2381 cedem
1814 2323 1898 2381 Dauid
1921 2328 2003 2400 putris
2021 2330 2081 2403 ejus

1290 2404 1374 2478 (bue.
1390 2424 1418 2474 r,
1433 2409 1468 2465 δι
1478 2410 1498 2482 ).
1516 2412 1716 2471 Demonstratur
1728 2431 1793 2488 erpo
1808 2417 1952 2474 secundnm
1966 2434 2079 2477 caruem

1290 2508 1364 2568 puter
1379 2500 1480 2557 Unmini
1493 2519 1552 2559 essu
1567 2505 1648 2562 Uarid
1661 2525 1667 2560 :
1691 2508 1834 2564 sectandum
1846 2509 2012 2568 dtrtntutem
2025 2528 2077 2568 au·

1290 2597 1342 2644 tem
1357 2592 1477 2647 Christus
1489 2611 1542 2649 non
1558 2595 1645 2662 trtius,
1667 2597 1713 2653 sed
1736 2598 1861 2655 hominus
1883 2600 1974 2656 Uaruid.
1990 2601 2077 2659 irulmi

1290 2696 1352 2735 nero
1365 2680 1501 2737 Christum
1517 2686 1662 2741 secundnm
1677 2702 1783 2743 carnem
1797 2698 1894 2745 norunt
1905 2731 1914 2758 ,
1927 2692 2078 2749 secundum

1289 2769 1451 2827 diuinitatem
1465 2766 1518 2829 non
1532 2787 1638 2832 norunt.
1655 2778 1717 2833 ldeo
1736 2777 1799 2835 lecit
1815 2780 1866 2836 illis
1878 2782 2076 2852 questionem,

1289 2873 1317 2918 et
1326 2862 1395 2919 dtrtt
1408 2884 1415 2919 :
1427 2856 1505 2938 Crtjita
1515 2869 1595 2936 filium
1607 2886 1659 2923 erre
1668 2871 1751 2924 dicitis
1764 2869 1888 2928 Clurirtttm
1898 2873 1911 2927 .⁹
1922 2874 1955 2929 bt
1964 2890 2076 2945 respuun-

1289 2955 1402 3011 derunt:
1418 2957 1511 3013 Filium
1524 2958 1617 3015 Dauid
1631 2960 1665 3016 Ει
1678 2963 1739 3017 ille:
1761 2963 1891 3032 Quomodo
1908 2982 1969 3037 erpo
1991 2965 2076 3022 Dauid

1289 3050 1316 3103 in
1329 3053 1419 3121 spiritu
1434 3064 1504 3108 uocat
1517 3071 1572 3107 eum
1587 3054 1790 3122 bertuinummtt
1801 3058 1836 3111 uit
1847 3075 1856 3113 :
1867 3058 1938 3113 Dixit
1950 3059 2076 3116 Durnium

1289 3141 1397 3197 Dourino
1411 3162 1483 3212 meo,
1501 3146 1567 3201 Sede
1581 3146 1614 3200 uti
1628 3149 1754 3203 deuterum
1776 3167 1874 3211 meum.
1889 3151 1970 3207 dorree
1983 3169 2076 3222 ριιιιιιιι

1287 3250 1373 3289 urrrnea
1385 3237 1498 3292 inimicos
1510 3248 1565 3292 tuos
1579 3240 1624 3292 auh
1640 3240 1741 3309 pudibus
1755 3242 1827 3296 tuis?
1839 3240 1870 3298 Si
1881 3258 1939 3314 erpo
1954 3242 2037 3298 Dauid
2043 3244 2076 3300 ιἰι

1287 3330 1377 3396 spiritu
1391 3338 1462 3383 uocat
1476 3347 1531 3383 eunt
1545 3329 1680 3385 Dourimmt
1693 3373 1700 3398 ,
1713 3336 1838 3403 utromodo
1857 3335 1926 3405 filius
1943 3337 2000 3407 ejus
2017 3337 2076 3391 euti

1288 3415 1321 3473 Ει
1331 3436 1380 3474 nou
1392 3429 1523 3491 potuerunt
1534 3422 1573 3476 ilii
1583 3424 1749 3495 retpoudere(
1759 3424 1849 3481 ttnut.
1863 3443 1942 3495 xxti,
1957 3428 2043 3485 libb
2052 3430 2074 3501 )ι

1288 3509 1414 3578 quianon
1431 3522 1561 3567 nouerant
1574 3514 1599 3567 in
1616 3514 1726 3570 liomino
1740 3515 1859 3583 Christo,
1873 3519 1923 3573 nisi
1940 3518 2012 3588 ‹rnnd
2034 3520 2076 3575 ri·

1286 3600 1399 3656 debatur
1421 3603 1525 3671 occulis,
1546 3620 1597 3659 non
1620 3607 1690 3676 qrrod
1714 3608 1794 3664 corde
1813 3609 2020 3682 intelligebatur.
2044 3609 2097 3672 st·

1287 3701 1373 3749 autem
1389 3695 1459 3749 intus
1472 3696 1598 3753 lrnlrcrent
1614 3701 1705 3756 ocrrlos
1715 3702 1783 3757 sicut
1796 3702 1928 3759 habehant
1941 3705 2008 3763 loris
2020 3750 2029 3774 ,
2039 3725 2075 3766 cx

1286 3785 1394 3855 eoquod
1403 3784 1467 3841 loris
1476 3788 1601 3844 videbant
1614 3790 1789 3860 intelligerent
1803 3793 1884 3849 bliurn
1895 3796 2029 3858 bartmcx
2039 3814 2075 3855 eo

1285 3876 1356 3946 quod
1365 3877 1433 3931 intus
1442 3877 1632 3947 intelligebant,
1644 3881 1966 3952 intelligerentbominum
1977 3889 2073 3944 Uaritl.

1321 3968 1346 4022 7.
1368 3967 1475 4023 ilutcuit
1501 3986 1560 4041 erpo
1586 3971 1681 4026 cubum
1707 3990 1779 4027 tuum
1802 3991 1888 4030 corum
1915 3978 2070 4036 tibimeleeb.

1285 4060 1353 4130 Quid
1379 4071 1439 4129 est,
1465 4079 1549 4115 corum
1571 4064 1737 4119 Abimelecb?
1757 4065 1852 4122 Comm
1871 4083 1956 4140 regnu
1977 4072 2070 4140 patris.

1285 4151 1352 4220 Quid
1367 4161 1425 4215 est,
1440 4153 1535 4208 Coram
1558 4169 1640 4224 regno
1659 4156 1765 4225 patris?
1786 4155 1882 4212 Coram
1901 4159 2014 4216 lrrdrein.
2040 4163 2071 4219 br

1284 4244 1379 4298 dimisit
1391 4261 1446 4298 eum
1458 4284 1467 4310 ,
1481 4254 1504 4299 et
1517 4246 1586 4299 obiit.
1600 4245 1683 4313 Quem
1697 4247 1817 4303 dimisit?
1841 4248 1926 4319 ipsum
1942 4253 2069 4322 pnprrtum

1284 4333 1435 4389 ludaeorum
1449 4334 1569 4400 dimisit,
1583 4345 1610 4389 ιι
1623 4334 1696 4389 abiit.
1719 4336 1820 4404 Qurrrls
1840 4339 1918 4393 rrtodo
1933 4340 2069 4398 Christum

1283 4424 1352 4494 apud
1366 4424 1492 4489 iudaeos,
1509 4436 1535 4479 et
1551 4440 1603 4478 nnn
1618 4425 1729 4481 invenis.
1741 4425 1817 4483 Unde
1828 4427 1930 4484 dimisit
1942 4441 1972 4487 et
1983 4433 2070 4489 alriiti

1282 4515 1348 4581 Quia
1363 4516 1464 4569 mutauit
1479 4514 1575 4569 arritum
1588 4532 1672 4570 auum.
1687 4515 1844 4572 lltcrentes¹
1871 4521 1944 4575 cuim
1967 4522 2006 4579 illi
2027 4539 2070 4579 sa·

1281 4606 1382 4662 cribcio
1394 4607 1540 4663 secundum
1552 4608 1671 4663 ordinem
1682 4612 1769 4664 baron
1782 4652 1790 4675 ,
1804 4626 1857 4666 non
1870 4619 2016 4672 tenuerunt
2027 4606 2073 4674 sal

1279 4700 1407 4755 criticium
1422 4700 1567 4755 secundum
1580 4701 1699 4756 ordinem
1711 4701 1886 4759 Melchisedec
1898 4702 1999 4778 (Hebe.
2013 4725 2068 4777 ru,

1282 4791 1310 4845 ll
1326 4789 1346 4861 );
1362 4799 1389 4846 ιι
1406 4793 1552 4845 amiserunt
1572 4792 1723 4858 Christum,
1745 4802 1771 4849 et
1792 4805 1929 4864 coapemnt
1940 4813 2003 4854 enm
2019 4801 2067 4855 lra-

1279 4881 1343 4937 bcro
1358 4880 1475 4946 Gentes,
1489 4895 1605 4952 uuonon
1621 4882 1728 4939 irriserat
1747 4895 1808 4940 ante
1828 4902 1977 4956 precones.
1999 4889 2066 4948 llam

1279 4973 1312 5028 ad
1329 4975 1387 5029 tllos
1401 4988 1535 5043 precones
1551 4974 1676 5040 miserat,
1691 4976 1774 5045 ipsum
1790 4976 1891 5044 Dauid,
1908 4979 2066 5048 Abraham,

1278 5064 1351 5119 lsaac
1365 5072 1393 5120 et
1403 5064 1505 5130 Jacob,
1522 5064 1614 5119 isaiam
1627 5106 1634 5129 ‚
1649 5065 1810 5133 ieremiam,
1830 5076 1983 5126 eleuteros
1997 5072 2066 5128 l‘rtr·

1280 5155 1372 5224 piretus
1385 5156 1510 5218 miserat,
1530 5166 1560 5222 et,
1578 5157 1653 5225 trunci
1677 5156 1736 5212 inde
1756 5168 1956 5228 cognorerunt,
1970 5145 2000 5218 et
2014 5164 2065 5235 ipsi

1279 5248 1353 5312 pauci
1370 5248 1394 5301 in
1407 5247 1605 5318 comparatione
1619 5248 1785 5314 pereuntium
1798 5267 1805 5305 ι
1817 5265 1878 5305 nam
1889 5253 1965 5309 multi
1974 5267 2064 5314 eraut.

1277 5341 1355 5396 utttiu
1369 5341 1438 5395 enirn
1455 5341 1565 5411 legimns
1579 5338 1671 5394 luisse.
1686 5340 1819 5410 Scriptum
1835 5343 1905 5400 cuim
1917 5353 1978 5401 est:
1995 5347 2064 5403 ileli-

1277 5433 1342 5500 quite
1364 5432 1439 5484 tuittm
1457 5430 1517 5499 fient
1539 5429 1633 5501 (Rom.
1648 5445 1673 5485 ιι
1686 5471 1693 5497 ,
1706 5431 1741 5485 27
1751 5430 1772 5504 ).
1784 5431 1838 5486 sed
1860 5435 1958 5503 quaetis
1982 5439 2064 5493 modu

1277 5520 1448 5575 circumcisus
1459 5521 1616 5575 christianos
1628 5562 1636 5585 ,
1648 5532 1675 5576 ιι
1686 5537 1739 5576 nort
1754 5522 1865 5578 iuuenis.
1877 5523 1959 5581 Erant
1972 5535 2061 5583 utitem

1277 5614 1310 5666 de
1328 5611 1528 5667 circumcisione
1549 5611 1698 5667 recentibus
1720 5614 1882 5682 temporibus
1897 5614 1958 5670 lldei
1978 5620 2063 5674 multa

1277 5705 1357 5759 miliia
1369 5702 1584 5759 christianorum.
1597 5704 1699 5770 Qtruris
1713 5704 1810 5771 murlo,
1823 5714 1851 5760 et
1868 5721 1922 5762 uon
1946 5708 2063 5768 iuuenis.

1278 5796 1371 5851 llerito
1384 5809 1436 5849 uon
1450 5793 1562 5849 iuncum.
1579 5793 1685 5849 ttumtt
1697 5795 1767 5851 enirn
1780 5781 1875 5850 uultum
1888 5813 1962 5852 suurn
1974 5814 2064 5855 ιιιιιιιιι

1276 5886 1436 5959 Abiurelreb,
1452 5893 1475 5940 et
1488 5885 1582 5940 dirutirit
1599 5901 1670 5952 eum,
1689 5895 1712 5940 et
1730 5887 1800 5943 abiit.
1823 5887 1857 5942 m
1873 5902 1964 5944 eoram
1981 5892 2064 5953 hchiu

1275 5975 1384 6036 mutauit
1398 5981 1500 6034 uultum
1514 5993 1591 6034 suum
1602 6020 1611 6042 ,
1623 5989 1651 6034 et
1662 5978 1761 6034 diunisii
1773 5994 1833 6036 eum
1847 6022 1854 6049 ,
1869 5991 1897 6038 et
1909 5983 1986 6040 abiit.
2000 5982 2064 6043 teet

1307 6093 1391 6153 tue,
1404 6092 1519 6142 aarum
1528 6102 1591 6142 enen
1601 6088 1800 6154 irrumpente
