5025 6925
1007 501 1019 528 h

458 676 512 734 est

458 794 564 852 ltrterit,
581 802 707 849 :eternam
722 792 838 847 habebit.
861 794 924 859 Qun
940 805 979 846 ost
993 804 1090 846 artemo
1105 792 1244 846 corvinsio?

457 886 569 953 Qrtaotlo
584 885 629 941 het
652 886 716 940 illud
730 887 799 957 quoti
816 886 914 941 dictum
934 896 984 947 cst.
1010 886 1047 939 b't·
1058 888 1188 940 tratlaeent
1207 902 1248 940 eas

457 980 605 1035 maioma
620 979 762 1048 iniquitates
774 995 858 1032 eonem
874 978 951 1048 (Sap.
966 994 1001 1039 vv,
1015 979 1071 1047 ab).
1089 978 1120 1031 Et
1135 977 1177 1032 iret
1191 987 1247 1031 tra·

457 1053 616 1125 rlrreeutibtts
628 1085 659 1124 er
679 1070 791 1123 adverso
811 1069 991 1139 iniquitatibus
1004 1070 1090 1123 omnis
1112 1084 1174 1138 grex
1191 1083 1246 1122 rna·

457 1164 497 1218 los
512 1163 545 1215 atl
559 1162 705 1227 sinistram,
719 1172 841 1231 amquam
852 1160 937 1216 ltoedis
949 1160 982 1214 ab
995 1161 1087 1215 ovibus
1101 1161 1243 1231 separatis;

457 1255 620 1322 steririlem,
637 1252 650 1305 i
654 1264 678 1306 te
689 1254 717 1306 in
730 1254 812 1323 iquem
822 1264 952 1315 aternum,
969 1254 1012 1321 qtti
1027 1262 1128 1322 paratas
1140 1262 1176 1305 est
1188 1252 1244 1305 eiia-

437 1366 439 1369 ·
456 1347 510 1401 toto
523 1356 548 1399 et
558 1345 655 1413 anqelis
667 1346 731 1414 ejus.
750 1345 879 1413 Qttznruut
893 1345 993 1415 quare?
1009 1344 1107 1397 Esttriui
1121 1344 1204 1408 enim,
1220 1354 1244 1398 rt

456 1455 504 1492 nan
518 1437 623 1490 &distis
643 1436 705 1489 mihi
724 1436 876 1489 oronntscare
897 1436 1000 1503 (llattlr.
1013 1451 1079 1496 xxv,
1096 1433 1151 1506 ll).
1171 1436 1242 1488 Con-

457 1532 610 1586 temnebant
628 1539 690 1584 tune
704 1529 809 1599 qttaotlo
821 1529 947 1584 esurienti
959 1527 1065 1584 Christo
1079 1544 1131 1582 ooo
1144 1527 1243 1583 dabam

455 1624 563 1690 eibum,
584 1624 690 1693 quatrio
703 1622 802 1677 sitienti
817 1638 869 1677 non
885 1621 984 1676 dabant
1004 1630 1114 1691 potum,
1135 1619 1253 1691 quanda

456 1718 552 1772 uadum
565 1731 620 1771 noo
631 1715 794 1779 vestiebant,
809 1715 975 1786 peregrinum
987 1730 1038 1769 oon
1051 1712 1239 1784 suscipiebant,

444 1818 623 1882 ,egrotantem
637 1824 690 1863 uon
706 1807 857 1875 visitabant,
875 1817 936 1863 tune
947 1807 1151 1864 contemnebant
1164 1821 1240 1862 :eum

455 1902 583 1970 ceperint
596 1901 649 1955 illis
667 1901 717 1955 ista
731 1902 879 1955 enumerari
893 1941 900 1964 ,
914 1900 1125 1964 contundentur,
1141 1907 1168 1953 et
1182 1897 1240 1954 hane

455 1992 572 2047 conlusio
587 1993 614 2047 iu
625 2001 753 2049 aeteruum
765 1992 825 2048 crit.
837 1992 909 2045 llooe
923 1992 1018 2046 timens
1033 1991 1082 2047 iste
1093 1989 1137 2061 qui
1150 1999 1237 2060 pavet,

455 2086 493 2141 rel
505 2086 582 2155 cujus
596 2085 629 2139 atl
643 2086 727 2140 Ιὶευιιι
748 2093 789 2141 est
811 2085 908 2140 meotis
922 2098 1065 2147 excessus,
1089 2082 1139 2137 hoe
1153 2091 1236 2153 rogat,

456 2177 485 2231 ln
496 2188 529 2241 te,
545 2177 661 2244 Domine,
674 2178 785 2248 sperari,
802 2193 851 2232 aaa
865 2175 1007 2248 confundar
1018 2176 1045 2230 io
1054 2185 1184 2229 veternum.

486 2269 513 2325 6.
527 2266 562 2323 Et
578 2269 606 2323 in
620 2279 664 2323 tua
678 2270 778 2341 iustitia
788 2282 847 2323 erae
861 2284 916 2335 ore,
938 2277 961 2321 et
980 2268 1060 2321 erinae
1071 2281 1130 2321 ene:
1143 2280 1202 2320 nam
1214 2265 1237 2320 si

456 2362 574 2418 atteotlas
592 2362 627 2417 ad
644 2362 772 2432 justitiam
786 2376 871 2417 meam
881 2346 900 2427 ‚⁸
911 2360 1021 2415 damnas
1031 2375 1082 2415 me.
1096 2356 1129 2413 ln
1138 2352 1185 2413 'tua
1192 2359 1239 2430 ja·

455 2458 519 2512 siaa
535 2473 595 2512 erite
612 2473 662 2511 ore.
691 2456 738 2511 Est
753 2455 822 2510 enim
836 2454 936 2523 justitia
950 2452 1014 2517 Dei,
1036 2467 1095 2523 quae
1107 2460 1134 2507 et
1147 2458 1237 2506 nostra

456 2548 493 2615 to,
508 2564 570 2605 cam
584 2547 697 2603 donatur
710 2547 796 2602 nobis.
820 2546 880 2601 ltlco
894 2554 981 2599 autem
997 2544 1042 2599 bet
1060 2543 1160 2613 justitia
1172 2540 1237 2598 elici-

456 2648 510 2706 tnr,
526 2653 559 2694 oe
570 2637 651 2693 borno
668 2653 698 2693 se
711 2647 787 2707 putot
800 2651 813 2690 a
828 2638 916 2705 seipso
932 2635 1029 2690 babere
1039 2634 1178 2704 justitiam.
1193 2633 1237 2688 Sic

454 2731 521 2785 euim
546 2729 611 2785 dicit
633 2729 768 2799 apostolus
792 2727 911 2782 Patulus:
932 2725 1048 2782 Cvedeati
1069 2725 1096 2779 in
1115 2739 1171 2777 eunt
1192 2722 1237 2792 qai

451 2818 570 2896 institisset
592 2824 697 2894 impiant
714 2821 796 2894 (quid
817 2830 874 2887 est,
896 2820 941 2891 qtti
959 2818 1085 2890 justificat
1105 2818 1236 2888 implumi

451 2915 494 2983 qm
504 2931 538 2969 er
553 2914 634 2983 impio
648 2911 709 2967 iacit
723 2912 841 2982 iustum)
856 2912 990 2983 deputatur
1000 2910 1062 2979 fides
1077 2909 1131 2980 eius
1145 2907 1179 2963 ad
1188 2909 1235 2982 ja-

450 3007 546 3083 stitianr
557 3004 641 3076 (lione.
655 3019 700 3069 rv,
716 3004 754 3072 5).
777 3002 860 3057 iudai
871 3016 936 3057 vero
949 3002 1009 3071 quia
1025 2998 1080 3055 suis
1091 3000 1193 3055 viribus
1205 3012 1236 3054 se

452 3101 577 3171 putabant
591 3099 701 3169 implere
716 3112 794 3167 posse
810 3097 956 3167 justitiam,
979 3093 1144 3150 offenderunt
1157 3093 1183 3148 in
1196 3092 1234 3149 la-

451 3195 533 3263 ptem
546 3191 724 3263 olleosionis(
740 3190 812 3243 liora.
829 3206 865 3255 tx,
882 3187 937 3260 52)
951 3196 978 3243 et
989 3196 1090 3258 petram
1104 3183 1233 3254 scandali,

449 3286 597 3357 egentiam
612 3282 775 3338 Christiano
794 3289 968 3352 agnoverunt.
983 3282 1150 3351 Acceperunt
1162 3276 1233 3334 enin

448 3374 606 3448 legemque
622 3374 716 3429 iterent
728 3372 776 3439 rei,
791 3388 843 3427 ooo
856 3387 907 3442 qua
928 3371 1104 3427 liberarentur
1117 3384 1133 3424 a
1146 3377 1232 3426 reatu.

449 3469 565 3540 benique
578 3466 640 3538 quid
658 3466 692 3521 tle
714 3466 766 3521 illis
789 3465 931 3536 Apostolus
953 3464 1037 3519 eliciti
1051 3462 1232 3519 Testimonium

447 3562 510 3616 ιιιίιιι
524 3561 644 3632 perhibeo
655 3559 707 3615 illis
722 3560 788 3631 quoti
801 3558 882 3612 aelam
898 3557 944 3611 liei
951 3556 1041 3611 tabent
1051 3599 1058 3623 ,
1070 3559 1115 3612 sed
1128 3574 1231 3613 oaore-

445 3654 555 3709 tutan
564 3653 703 3708 seientiam.
715 3651 784 3720 Quid
799 3659 839 3705 est
848 3649 919 3720 quod
938 3649 1013 3716 tliuit,
1025 3648 1114 3704 Zelam
1126 3649 1175 3704 Dei
1186 3649 1231 3703 lra-

445 3746 500 3800 iettt
512 3743 609 3812 iudaei,
624 3744 668 3799 aeti
693 3761 745 3798 nan
763 3742 899 3797 secandam
923 3743 1072 3796 scientiam?
1085 3741 1153 3797 Audi
1168 3743 1231 3813 quid

443 3840 487 3905 sit,
510 3853 565 3896 nan
586 3837 730 3897 muntium
752 3837 889 3892 seientiam
905 3853 911 3890 :
925 3833 1075 3908 lqnqrantes
1094 3836 1161 3890 eninr
1182 3835 1231 3892 Dei

440 3931 564 4003 jutitiam
577 3939 600 3984 et
613 3945 683 3984 strant
696 3927 804 3982 calentes
817 3927 976 3990 constituere,
992 3929 1099 3998 justitiae
1114 3927 1160 3980 tto·
1179 3944 1229 3981 nan

420 4081 427 4094 .
441 4031 499 4077 mut
511 4022 617 4092 sabjecti
626 4020 681 4094 (tt.
695 4038 723 4085 x,
734 4022 762 4088 2,
777 4021 815 4093 ὅ).
830 4021 857 4077 Si
869 4036 932 4090 erqo
946 4019 1005 4075 itleo
1015 4035 1067 4073 noo
1084 4019 1228 4074 secumdum

442 4115 580 4171 saansaan
592 4115 677 4169 zelum
696 4114 740 4168 liei
762 4113 868 4178 habent,
883 4113 942 4184 quia
953 4113 1074 4184 ignorant
1093 4113 1138 4166 liei
1148 4111 1227 4182 justi·

442 4209 505 4264 tiam
516 4217 544 4263 et
555 4208 648 4262 volunt
658 4222 733 4261 suam
756 4207 927 4271 constituere,
942 4205 1017 4276 quasi
1031 4219 1063 4260 ex
1079 4204 1173 4273 seipsis
1183 4202 1227 4272 ju·

441 4300 475 4355 sti
489 4302 571 4366 tiant;
595 4299 655 4355 ideo
673 4300 783 4371 gratiam
806 4299 854 4354 liei
873 4315 925 4355 uon
950 4307 1140 4369 cognoverunt,
1166 4296 1226 4366 quia

440 4393 521 4464 gratis
532 4391 628 4447 salvari
640 4392 788 4447 uoluerunt.
809 4391 873 4460 Quis
885 4400 927 4447 est
940 4391 983 4460 qui
1001 4390 1116 4444 salvatur
1127 4389 1227 4460 gratis?

441 4482 469 4539 ln
480 4499 533 4555 quo
543 4498 596 4539 ooo
617 4484 716 4538 invenit
730 4483 850 4539 Salvator
863 4482 933 4554 quod
953 4492 1072 4546 coronet,
1094 4482 1141 4539 scd
1156 4483 1225 4554 quoti

439 4577 565 4641 (inmitem
592 4592 645 4632 non
669 4575 769 4629 invenit
789 4575 882 4630 averita
905 4576 1046 4641 botrorum,
1067 4574 1113 4630 sed
1127 4575 1227 4631 invenit

440 4669 534 4724 merita
549 4667 751 4739 suppliciorum.
773 4666 802 4724 st
816 4677 875 4738 aqat
899 4677 1023 4738 tanquam
1041 4668 1171 4724 veraciter
1191 4684 1224 4723 ex

441 4761 529 4833 requie
544 4761 623 4832 Leqis
634 4762 779 4831 proposita,
792 4760 957 4816 daoroamhrs
966 4769 1009 4817 est
1022 4770 1153 4831 peccator.
1170 4762 1225 4817 lloe

440 4854 528 4925 regula
542 4853 563 4908 si
578 4861 678 4924 ageret,
692 4868 770 4924 quem
791 4852 934 4907 liberaret?
953 4851 1050 4908 Omnes
1071 4862 1226 4924 peccatores

441 4944 541 5000 invenit
555 4943 649 4999 :solus
661 4943 719 4998 sine
733 4953 842 5014 peccato
854 4943 936 5009 venit,
952 4944 997 5013 qui
1010 4958 1058 4999 nos
1070 4955 1225 5015 peccatores

441 5035 550 5092 invertit.
564 5034 620 5090 lioc
630 5035 667 5088 ait
676 5035 839 5105 Apostolus:
856 5034 949 5090 Omnes
961 5036 1027 5089 enirn
1045 5047 1223 5105 peccaverant,

440 5137 464 5182 et
476 5136 546 5198 eqent
560 5127 642 5198 qlaria
655 5125 701 5182 ttet
715 5126 769 5198 (ld,
784 5142 822 5192 ιιι,
833 5124 892 5198 23).
905 5126 972 5194 Qttitl
991 5136 1042 5194 est,
1058 5138 1129 5197 eqeot
1143 5129 1223 5200 plania

441 5220 508 5277 batt
520 5220 555 5277 llt
566 5221 622 5291 ipse
637 5220 739 5285 liberet,
756 5235 808 5276 non
820 5230 847 5275 tu
863 5220 941 5289 :quia
955 5229 982 5275 tu
1000 5227 1025 5273 te
1043 5220 1156 5275 liberare
1170 5236 1223 5275 oou

440 5321 524 5384 potes,
539 5311 641 5384 indiges
660 5312 811 5368 liberatore.
830 5312 898 5380 Quid
917 5322 957 5367 est
979 5312 1049 5383 quod
1071 5323 1098 5369 te
1120 5314 1223 5385 jactas?

441 5403 510 5472 Quid
533 5413 574 5460 est
593 5404 661 5475 qaod
677 5405 710 5461 tle
733 5404 804 5476 Lege
822 5413 849 5460 et
867 5405 967 5475 justitia
989 5408 1145 5476 praesumis?
1165 5408 1221 5463 Nem

441 5493 513 5551 mdes
525 5495 586 5564 qrtitl
598 5497 667 5551 itrtrts
690 5497 813 5566 coolliqat
826 5496 852 5551 in
868 5506 903 5564 te,
923 5497 957 5552 de
978 5507 1014 5564 te,
1034 5499 1160 5555 adversus
1175 5503 1222 5555 te?

440 5586 496 5643 ileu
510 5584 587 5643 audis
599 5598 772 5659 pugnantem,
788 5596 814 5643 et
828 5590 1008 5655 confitentem,
1019 5601 1046 5645 ct
1063 5592 1220 5662 adjutorium

440 5676 466 5734 in
478 5696 564 5752 pogna
571 5680 787 5736 desiderantem?
801 5680 858 5734 Noo
874 5683 949 5737 audis
968 5683 1094 5738 athletam
1118 5684 1220 5739 homiui

438 5770 471 5827 ab
482 5774 640 5844 agonotheta
653 5779 784 5843 petentem
796 5771 953 5842 adjutoriam
969 5790 1062 5845 pogna
1074 5789 1129 5829 sua
1140 5778 1152 5829 l
1163 5775 1221 5830 lion

439 5865 508 5923 euim
520 5865 560 5921 sic
574 5874 601 5922 te
615 5873 752 5935 exspectat
777 5865 846 5920 Deus
859 5877 1023 5932 certantem,
1043 5866 1176 5938 quomodo
1195 5877 1221 5922 te

383 5923 386 6003 i
437 5967 573 6030 exspecta
587 5958 683 6025 etlitor,
706 5957 730 6013 si
751 5957 817 6013 torte
840 5972 940 6028 pugnes
958 5959 983 6013 io
1002 5959 1219 6030 amphitheatro:
1260 5997 1264 6004 ·

437 6053 479 6108 ille
493 6052 540 6108 tibi
555 6051 693 6122 praemium
712 6052 774 6106 dare
790 6060 876 6121 potest
890 6051 912 6106 si
935 6051 1039 6117 viecris,
1052 6053 1176 6123 adjuvare
1194 6063 1221 6110 te

436 6144 629 6215 periclitantem
650 6158 702 6197 nou
725 6153 820 6209 potest.
835 6143 893 6198 Non
915 6144 952 6200 sie
971 6154 1108 6219 exspemat
1135 6145 1217 6203 bens.

584 6239 719 6300 Parnon.
744 6239 891 6301 xxxttt.

1007 677 1203 734 ENhlillthO
1217 676 1250 732 lN
1265 675 1424 739 Pstbtttttt
1445 682 1528 741 XXX.

2036 702 2088 761 232

1308 793 1372 850 l'itc
1396 812 1468 869 erqo.
1487 802 1593 857 attorule
1615 819 1674 859 eum
1696 809 1739 877 qui
1755 809 1817 865 tlieit
1828 829 1833 864 :
1845 808 2007 868 Candehctar
2022 820 2088 873 ettittr

1302 885 1352 956 leqi
1365 885 1411 940 Dei
1431 892 1567 946 secuntum
1592 895 1733 951 interiorem
1756 900 1891 969 hominem,
1911 904 1982 958 nitier
2003 919 2088 960 arnan

1299 979 1377 1032 aliam
1389 981 1467 1060 leqem
1485 984 1510 1037 io
1524 988 1638 1040 nonnuliis
1652 990 1712 1044 ntae
1728 1005 1909 1065 repaqoantene
1929 997 1979 1070 lapi
1998 1003 2087 1055 mentis

1300 1084 1370 1135 mete,
1386 1081 1409 1126 et
1419 1075 1545 1143 captiuam
1565 1096 1602 1131 rue
1616 1082 1745 1147 discentem
1760 1084 2087 1161 intemperamentum

1298 1158 1324 1212 in
1337 1162 1453 1220 membris
1465 1170 1535 1220 meis.
1551 1170 1629 1225 Mirer
1648 1190 1693 1243 eqo
1703 1176 1788 1242 haara,
1809 1180 1865 1250 qnia
1879 1198 1918 1236 ote
1928 1183 2042 1239 liberabit
2053 1188 2085 1241 de

1297 1266 1401 1323 corpore
1413 1260 1499 1312 martis
1514 1260 1613 1330 hujus?
1627 1261 1716 1317 Gratia
1736 1266 1784 1322 Dei
1798 1270 1939 1338 perieram
1956 1274 2084 1331 Christum

1297 1340 1432 1400 Dominam
1450 1331 1562 1405 nisurum
1576 1344 1662 1419 (Rom.
1678 1373 1723 1423 vu,
1739 1359 1826 1416 ‘za-25
1840 1361 1860 1431 ).
1872 1363 1960 1432 Quare
1980 1369 2083 1439 qratia?

1295 1433 1360 1500 Quia
1373 1439 1455 1507 qratis
1470 1440 1556 1497 datur.
1579 1444 1666 1510 Qttare
1686 1449 1769 1518 gratis
1789 1451 1886 1508 daturi
1899 1455 1965 1524 Quia
1988 1460 2081 1513 maurita

1295 1535 1337 1581 tua
1349 1545 1401 1584 ooo
1418 1546 1620 1601 praecesserunt,
1635 1539 1680 1594 scd
1697 1540 1823 1599 beneficia
1841 1545 1887 1600 bei
1903 1557 1927 1602 te
1944 1564 2082 1619 prevene-

1293 1628 1364 1675 runt.
1381 1621 1420 1677 llli
1435 1639 1499 1694 ergo
1513 1626 1595 1696 qloria
1606 1630 1649 1698 qui
1664 1645 1711 1686 nos
1726 1633 1829 1690 liberat.
1845 1634 2013 1696 Omnesenim
2023 1658 2081 1711 per·

1293 1724 1421 1777 cavaunt,
1435 1723 1458 1767 et
1473 1726 1543 1786 eperat
1553 1718 1634 1787 qlaria
1649 1718 1705 1775 bet.
1719 1720 1751 1777 ln
1765 1732 1788 1778 te
1803 1739 1876 1796 erqo,
1891 1727 2005 1792 Domine,
2019 1747 2079 1801 spe·

1292 1804 1356 1867 rani,
1370 1820 1422 1859 oon
1438 1806 1463 1859 iu
1478 1823 1520 1863 me
1537 1826 1543 1862 :
1568 1827 1618 1864 tran
1637 1815 1780 1884 confundar
1793 1818 1819 1872 in
1832 1829 1961 1885 aeternam,
1975 1824 2035 1893 quia
2052 1826 2078 1879 in

1292 1907 1324 1948 eo
1337 1909 1415 1963 spero
1429 1898 1474 1967 qui
1489 1915 1541 1953 oon
1556 1901 1693 1960 couiuodit
1708 1908 1727 1960 ¹.
1742 1906 1776 1961 ln
1786 1918 1829 1964 tua
1841 1912 1943 1982 justitia
1956 1931 2014 1971 erae
2025 1933 2076 1981 rna,

1291 1993 1315 2037 et
1324 1987 1405 2040 exime
1414 2004 1453 2042 me
1465 1992 1538 2060 :quia
1550 2008 1601 2047 oon
1611 1994 1732 2052 invenisti
1746 1999 1772 2053 iu
1786 2016 1830 2055 me
1840 2002 1968 2071 justitiam
1979 2021 2077 2072 meam,

1291 2090 1353 2129 erue
1364 2093 1407 2132 me
1422 2078 1447 2133 in
1462 2089 1520 2143 tua;
1536 2082 1587 2137 hoe
1598 2094 1649 2152 cst,
1665 2087 1729 2144 illml
1743 2105 1786 2146 me
1800 2102 1877 2147 eruat
1895 2095 1966 2165 quod
1980 2112 2023 2154 ute
2033 2099 2077 2166 ju-

1291 2167 1397 2228 stttreat.
1421 2171 1490 2239 qood
1504 2188 1537 2229 er
1561 2178 1641 2245 tmpto
1663 2184 1734 2247 ptum
1750 2180 1828 2249 iacit,
1844 2184 1915 2253 quod
1935 2201 1968 2242 ex
1989 2188 2078 2260 iniquo

1288 2256 1398 2326 justum,
1414 2263 1485 2332 quod
1507 2280 1538 2319 ex
1560 2281 1633 2324 eaeo
1647 2270 1791 2339 videntem,
1814 2276 1884 2344 quod
1911 2293 1943 2333 ex
1965 2279 2077 2338 cadente
2164 2290 2167 2293 ⁴

1289 2361 1452 2421 surgentem,
1465 2357 1535 2426 quod
1557 2373 1590 2415 ex
1607 2359 1687 2417 {lente
1707 2366 1875 2435 gaudentem.
1900 2369 1957 2427 lloe
1979 2388 2022 2431 me
2044 2374 2077 2431 li·

1290 2438 1372 2505 berar,
1390 2459 1441 2499 ooo
1461 2446 1568 2518 egeln
1585 2453 1687 2523 iustitia
1700 2466 1743 2512 tua
1769 2476 1826 2514 erae
1838 2477 1888 2529 me,
1898 2472 1922 2517 et
1935 2466 2015 2520 exirm
2025 2484 2074 2523 tne.

1325 2534 1350 2588 t.
1361 2532 1435 2606 [vers.
1444 2535 1483 2611 5.]
1492 2537 1592 2595 leelina
1599 2546 1768 2603 admeaareot
1778 2560 1862 2608 taam:
1871 2552 1988 2611 iecithae
1995 2558 2074 2623 Deus.

1289 2626 2075 2704 quoodoipsumChristumadoosmisit.lllumaduosmisit

1288 2713 1332 2783 qui
1344 2716 1560 2791 inclinatocapite
1568 2723 1649 2796 digito
1660 2728 1791 2786 scribebat
1804 2732 1830 2788 iu
1840 2742 1908 2790 terra
1917 2736 2006 2807 (ioan.
2016 2756 2073 2808 vtu,

1288 2803 1326 2876 6),
1335 2808 1440 2879 quaudo
1448 2812 1472 2867 ci
1481 2813 1597 2872 adrrlteru
1606 2820 1701 2875 mulier
1710 2821 1871 2882 efferebatur
1883 2831 2075 2898 puniendallle

1287 2908 1374 2953 autem
1389 2901 1560 2962 inclinaverat
1570 2921 1599 2964 se
1611 2909 1644 2964 atl
1660 2920 1768 2977 terram,
1781 2914 1808 2971 it
1820 2926 1871 2984 eat,
1888 2920 1957 2976 heus
1977 2922 2011 2977 ad
2025 2923 2075 2980 bo·

1287 2990 1397 3055 minem,
1413 2995 1454 3048 eui
1469 2996 1568 3054 dietttm
1592 3010 1644 3067 est,
1660 3001 1741 3058 Terra
1761 3023 1795 3070 es,
1821 3018 1846 3063 et
1868 3011 1895 3065 in
1912 3022 2004 3067 terram
2026 3015 2074 3072 iiis

1289 3077 1364 3150 (Gen.
1390 3098 1429 3147 ιιι,
1456 3086 1509 3156 ts).
1525 3088 1582 3144 Non
1604 3094 1674 3147 enim
1700 3098 1775 3165 quasi
1802 3103 1985 3171 corporalibus
2008 3106 2074 3163 loeis

1287 3171 1399 3230 Deusad
1413 3192 1461 3232 uos
1476 3179 1585 3236 inclinat
1598 3198 1690 3240 aurem
1714 3202 1801 3252 suam,
1817 3201 1863 3247 aut
1873 3194 2000 3251 membris
2014 3198 2079 3260 istis¹
2144 3206 2146 3211 ’

1285 3268 1419 3337 corporeis
1441 3269 1622 3330 determinatis
1643 3276 1731 3334 huitus
1743 3290 1794 3336 est.
1812 3280 1927 3340 Omnino
1947 3288 2010 3342 nihil
2025 3288 2072 3346 bo·

1285 3370 1343 3411 rum
1357 3361 1475 3430 cogitent
1485 3362 1599 3420 humana
1614 3365 1807 3436 phantasmata.
1822 3372 1926 3431 Veritas
1936 3386 1976 3433 est
1990 3379 2070 3437 Deus.

1286 3448 1389 3508 Veritas
1403 3468 1452 3509 nce
1476 3455 1575 3526 quadra
1599 3468 1651 3521 est.
1677 3475 1728 3517 nee
1757 3465 1880 3530 rotunda,
1904 3483 1953 3525 nee
1980 3469 2071 3544 tooqs.

1283 3540 1388 3615 Ubique
1403 3562 1521 3617 praeseus
1535 3560 1587 3619 est,
1608 3553 1630 3607 si
1643 3555 1732 3610 cordis
1745 3557 1839 3615 oculus
1851 3558 1885 3615 ati
1901 3575 1961 3619 mm
1971 3574 2078 3633 paleae·

1284 3632 1395 3691 lucliuat
1408 3647 1496 3694 tamen
1508 3655 1598 3696 aurern
1619 3657 1693 3699 suam
1715 3645 1749 3700 atl
1765 3662 1815 3704 nos
1828 3648 1899 3707 beris
1918 3653 2071 3712 misericor-

1282 3723 1353 3779 tliam
1368 3725 1505 3796 deponens
1518 3745 1600 3802 super
1617 3747 1676 3789 uos.
1699 3734 1764 3803 Quae
1781 3738 1866 3809 major
1878 3741 2069 3813 misericordia,

1281 3830 1360 3885 quam
1374 3829 1402 3872 ut
1412 3818 1524 3875 Uoieurn'
1537 3838 1613 3879 suum
1627 3825 1704 3881 daret
1716 3826 1862 3894 nobis‚non
1875 3832 1962 3890 vivere
1978 3835 2071 3892 nohis-

1281 3924 1353 3975 eum,
1378 3911 1425 3967 sed
1456 3915 1523 3970 muri
1544 3931 1592 3986 pro
1621 3918 1718 3975 nobis?
1739 3920 1839 3978 tnettta
1860 3927 1894 3980 ati
1921 3944 1960 3982 tue
1979 3946 2068 3986 aurant

1282 4010 1359 4055 tuam.

1316 4095 1342 4147 8.
1363 4093 1482 4150 accelera
1505 4109 1533 4152 at
1552 4101 1718 4159 samareae:
1732 4105 1871 4162 exauditur
1884 4108 1990 4165 enimin
2003 4110 2065 4178 hoc,

1280 4197 1340 4238 euru
1360 4184 1432 4248 tlieit,
1455 4186 1582 4244 aaaetera.
1605 4192 1644 4245 hrt
1661 4194 1712 4248 ltoe
1730 4195 1799 4249 enim
1823 4198 1938 4266 positum
1951 4210 1993 4256 est
2004 4217 2065 4258 ver-

1281 4274 1358 4340 hnm,
1376 4289 1405 4331 ut
1419 4277 1470 4333 boc
1494 4289 1576 4335 totum
1591 4276 1660 4353 quod
1675 4286 1751 4341 nobis
1764 4287 1811 4342 diu
1823 4289 1928 4347 vitietur
1939 4295 2064 4361 quamdiu

1280 4367 1393 4422 volvitur
1415 4370 1552 4435 servulum,
1576 4374 1706 4446 intelligas
1727 4387 1852 4446 puuctum
1871 4394 1940 4436 esse.
1954 4381 2067 4441 Nonest

1279 4458 1324 4512 iliu
1337 4459 1406 4529 quod
1427 4460 1506 4516 habet
1519 4473 1676 4520 extremum.
1695 4467 1736 4522 hb
1750 4467 1834 4523 hdam
1857 4485 1940 4542 ustpm
1962 4473 1995 4528 ati
2016 4473 2066 4529 lto·

1278 4547 1398 4606 dieroam
1421 4552 1490 4609 diem
1518 4565 1651 4625 peractum
1675 4567 1727 4623 est,
1751 4571 1779 4614 et
1797 4562 1882 4616 nrulto
1896 4564 1987 4634 utique
2003 4566 2064 4637 plus

1279 4653 1413 4710 peractum
1436 4655 1477 4700 est
1498 4662 1576 4716 quam
1606 4657 1687 4704 restat
1711 4653 1899 4722 peragentium.
1925 4655 1952 4711 Si
1976 4656 2064 4713 atoue

1278 4734 1378 4791 viveret
1398 4737 1501 4804 hdam,
1524 4749 1551 4793 ot
1575 4739 1654 4796 hodie
1671 4751 1834 4810 moreretur3
1853 4746 1914 4816 quid
1939 4748 1963 4803 ei
1982 4751 2062 4818 prori-

1278 4837 1349 4883 osset
1374 4828 1475 4883 tamdiu
1501 4845 1571 4899 esse,
1591 4834 1689 4888 tauthu
1716 4836 1830 4892 vixisset
1850 4838 1920 4910 Ergo
1938 4839 2061 4897 celeritas

1278 4918 1336 4974 haee
1347 4935 1430 4991 quare
1440 4921 1452 4976 i
1463 4922 1528 4989 Quia
1547 4927 1710 4982 transvolant
1728 4936 1866 4999 tempora:
1882 4939 1910 4985 et
1930 4932 1999 5002 quot
2015 4935 2062 4991 tibi

1278 5010 1381 5085 tardum
1392 5022 1442 5077 est,
1457 5013 1482 5094 iu
1497 5017 1581 5071 oculis
1598 5017 1644 5072 Dei
1660 5018 1739 5072 breve
1753 5029 1802 5073 est.
1817 5019 1874 5075 lam
1889 5019 1958 5078 hauc
1968 5025 2065 5082 celeri>

1278 5112 1358 5159 tatem
1380 5106 1429 5161 iste
1446 5108 1610 5165 intellexerat
1635 5111 1911 5168 incessabilesque
1928 5125 1955 5168 ut
1967 5118 2062 5173 eaioras

1278 5211 1326 5250 nte.
1337 5194 1400 5251 Esto
1412 5198 1508 5252 mihtin
1517 5200 1596 5254 Deum
1607 5212 1770 5270 protectorem
1782 5214 1804 5258 et
1815 5204 1842 5259 itt
1852 5205 2062 5282 damumrefttqii,

1277 5295 1303 5340 ιιι
1312 5287 1408 5342 soleam
1419 5296 1457 5345 sne
1468 5292 1558 5363 facias.
1575 5292 1672 5346 honnus
1686 5294 1778 5365 relogii
1791 5304 1818 5349 tu
1830 5296 1893 5351 mibi
1907 5309 1974 5365 esto,
1991 5301 2059 5357 licus

1277 5387 1420 5449 protector,
1434 5380 1530 5437 domus
1541 5382 1645 5453 relugli.
1664 5383 1812 5452 Aliquando
1823 5389 1894 5443 enirn
1907 5392 2059 5459 periclitor,

1276 5479 1304 5526 et
1323 5471 1383 5526 volo
1407 5473 1517 5542 lingere:
1535 5489 1587 5543 quo
1613 5473 1703 5545 logio?
1724 5477 1757 5530 ad
1778 5493 1856 5548 quem
1881 5480 1967 5537 locunt
1990 5493 2061 5541 tutos

1277 5564 1367 5634 frigio?
1381 5564 1413 5619 ati
1433 5581 1510 5636 quem
1532 5569 1670 5622 ntttoteml
1689 5570 1722 5625 ad
1743 5588 1820 5640 quam
1845 5575 2063 5644 speluncamitul

1277 5670 1337 5723 quae
1358 5664 1425 5710 tecta
1453 5658 1575 5711 monita?
1600 5659 1683 5726 Quam
1709 5676 1799 5718 arcem
1822 5667 1946 5721 teneaml
1966 5669 2061 5738 quibua

1276 5745 1360 5800 muris
1373 5744 1492 5800 ambiar?
1503 5745 1674 5819 Quocumque
1686 5751 1750 5816 iero,
1765 5756 2061 5828 sequerme.Quidquid

1275 5837 1345 5892 enirn
1367 5839 1407 5892 vis
1427 5848 1502 5906 potes
1524 5837 1625 5910 iuqere,
1640 5840 1729 5905 bomo,
1757 5853 1855 5914 praeter
1872 5846 2060 5906 conscientiam

1276 5937 1358 5982 tuam.
1373 5927 1443 5983 lutra
1457 5929 1482 5983 io
1496 5928 1603 6009 domurp
1618 5941 1699 5996 tuoni,
1713 5935 1850 6004 requiesce
1866 5936 1893 5991 io
1914 5937 1982 5993 lecto
2003 5946 2057 6002 tuo,

1276 6019 1344 6073 intra
1360 6020 1386 6073 in
1401 6021 1526 6076 interiora
1542 6039 1549 6075 :
1566 6021 1676 6080 interius
1688 6022 1787 6081 habere
1811 6025 1875 6081 uibil
1895 6035 1980 6096 potes,
2005 6043 2056 6100 quo
2081 6038 2086 6055 ²

1305 6156 1313 6189 ¹
1331 6153 1441 6220 Plerique
1458 6160 1523 6218 tiss,
1534 6153 1592 6221 min
1607 6154 1649 6220 qni
1659 6150 1684 6209 ia
1695 6169 1724 6211 ea
1739 6162 1833 6318 apelez,
1846 6155 2063 6315 non)eanrittnttitttr,
2106 6128 2109 6133 .

1826 6238 1885 6302 ait.
