5025 6925
367 681 368 692 ¹
446 676 498 731 stu

447 800 572 861 tanquam
592 788 664 844 ilius
682 789 775 846 unicus
793 788 905 845 dilectus
925 786 1035 857 liguram
1053 784 1155 841 habens
1173 782 1234 839 Eilli

447 884 513 950 llei,
528 892 637 955 portans
659 885 730 955 ligna
749 883 809 947 sibi,
838 883 971 955 quomodo
984 882 1106 937 Christus
1125 892 1233 936 crucem

446 978 561 1049 portavit
574 975 662 1048 (loon.
675 994 733 1038 ιιι,
741 975 796 1039 ttl.
807 977 851 1032 lile
863 985 999 1049 postremo
1008 977 1065 1046 ipse
1077 976 1146 1030 aries
1156 972 1234 1029 Clari·

446 1079 516 1125 stum
540 1068 706 1139 significavit.
731 1068 798 1137 Quid
819 1079 860 1124 εει
877 1069 947 1124 enirn
969 1068 1071 1123 harere
1088 1058 1232 1129 crinrib'us,

446 1158 497 1216 nisi
521 1160 636 1231 quodam
657 1159 735 1216 modo
762 1160 900 1231 cruciligi?
927 1159 1022 1230 Figura
1053 1167 1094 1214 est
1119 1159 1168 1213 ista
1198 1155 1233 1216 du

445 1248 562 1306 Christo.
574 1249 706 1305 Continuo
718 1251 885 1320 praedicanda
895 1260 954 1307 erat
963 1250 1092 1315 Ecclesia,
1104 1262 1231 1321 praenun·

445 1339 509 1397 tiata
522 1341 610 1412 eapite
623 1342 851 1412 praenuntiandum
874 1352 931 1399 crat
951 1352 979 1399 et
1001 1356 1098 1412 corpus
1123 1359 1130 1393 ε
1151 1339 1233 1410 coepit

443 1431 561 1504 Spiritus
576 1433 634 1501 liei,
648 1434 729 1505 coepit
740 1435 809 1490 Deus
819 1434 991 1490 adbbrabam
1004 1434 1149 1505 praedicare
1162 1432 1231 1488 velle

444 1524 605 1594 Ecclesiam,
620 1536 647 1584 ct
665 1529 726 1584 tulit
748 1531 867 1601 liguram.
885 1530 1020 1585 Christum
1040 1529 1151 1601 liguratc
1164 1544 1233 1601 pra-

443 1616 568 1685 dicabat,
591 1620 736 1676 Ecclesiam
756 1632 846 1691 aperte
865 1623 1086 1696 praedicaritaait
1102 1624 1172 1680 enim
1197 1622 1230 1678 ad

443 1708 580 1765 Abrabam
595 1728 602 1765 ε
617 1711 742 1779 Quoniam
754 1713 878 1769 obaudisti
888 1731 971 1769 uocem
987 1703 1077 1781 mtitn,
1089 1723 1112 1769 et
1125 1731 1174 1769 non
1186 1730 1231 1785 pe·

444 1801 547 1871 peristi
558 1802 613 1872 filio
627 1813 669 1858 tna
688 1803 778 1860 dilecto
790 1816 892 1879 propter
906 1822 955 1874 me,
975 1807 1120 1861 benedicens
1130 1805 1232 1861 bencdi-

444 1907 499 1947 cum
513 1901 547 1960 te,
561 1901 585 1948 et
603 1894 729 1966 implendo
752 1897 859 1967 implebo
880 1915 963 1953 semen
983 1908 1053 1953 tuum
1068 1899 1132 1954 sicut
1145 1900 1231 1954 stellas

443 1983 510 2051 coeli,
524 1985 625 2040 etaient
641 2002 745 2042 arenam
758 1990 847 2056 ntarn,
866 2000 889 2044 et
906 1990 1079 2045 benedicentur
1098 1992 1124 2045 in
1137 1992 1233 2047 semine

445 2082 486 2128 tuo
499 2090 586 2130 omnes
598 2086 683 2147 pernes
697 2087 771 2133 terre
781 2078 857 2150 (Gen.
875 2096 939 2147 ιιιι,
949 2081 1005 2152 lli).
1018 2081 1230 2153 Etpcueubique

444 2163 564 2222 Christus
576 2166 665 2238 aliquo
680 2169 815 2226 involucro
833 2172 991 2227 sacramenti
1012 2173 1169 2242 praedicatus
1189 2181 1231 2229 est

444 2257 621 2330 al‘roplretis,
634 2260 750 2317 Ecclesia
765 2273 855 2333 aperte
868 2275 913 2319 :ut
923 2264 1041 2320 viderent
1056 2265 1126 2320 illam
1141 2275 1169 2320 et
1184 2266 1229 2335 qui

445 2352 522 2407 lutari
534 2364 714 2410 eranteontra
735 2356 823 2421 illam,
847 2366 875 2413 et
894 2357 1049 2427 impleretur
1069 2358 1095 2413 in
1120 2358 1158 2412 eis
1178 2358 1228 2413 ista

444 2446 559 2517 nequitia
581 2463 659 2517 quam
680 2448 803 2518 praedixit
817 2449 947 2515 Psalmus,
966 2450 1015 2518 Qui
1034 2449 1147 2504 uidebant
1165 2466 1227 2513 nse,

444 2537 510 2606 [oras
522 2539 641 2607 tumeant
655 2554 729 2591 ame.
744 2538 783 2593 Ex
797 2539 873 2594 nobis
884 2540 1016 2605 exierunt,
1030 2540 1140 2595 sednon
1152 2549 1229 2596 crant

443 2640 474 2681 ca
487 2627 567 2683 uobis
581 2628 604 2699 (l
622 2630 701 2685 loen.
723 2646 752 2697 ιι,
767 2631 810 2702 tt)
827 2632 899 2688 :turre
911 2632 1046 2701 apostolus
1060 2631 1176 2688 loannes
1195 2632 1228 2688 de

443 2715 494 2772 illis
507 2715 583 2774 dixit.

476 2811 519 2867 lb.
536 2810 610 2885 [cers.
640 2814 695 2887 lb]
722 2816 820 2870 (illitus
841 2833 906 2877 suna.
934 2825 1053 2885 tanquam
1075 2826 1188 2869 traortnus
1212 2833 1228 2869 a

442 2902 527 2957 made,
546 2902 651 2960 Oblitus
664 2922 742 2971 ειιιιι,
760 2906 785 2960 in
800 2906 959 2961 oblivionem
979 2906 1050 2972 veni,
1072 2905 1147 2960 obliti
1166 2912 1228 2959 sunt

441 3011 485 3052 me
499 2996 537 3051 illi
548 2998 592 3067 qui
607 2998 729 3053 viderunt
750 3015 792 3054 ιιιε
814 3016 820 3050 :
841 2998 915 3053 obliti
939 3007 1001 3053 sunt
1023 3013 1077 3064 me,
1092 2998 1170 3053 etsie
1184 3012 1227 3053 me

422 3146 426 3154 ,
440 3088 513 3143 obliti
522 3098 595 3153 ειιιιι,
608 3098 731 3159 tanquam
748 3098 866 3144 mortuus
876 3088 971 3145 luerim
982 3104 996 3142 a
1009 3088 1225 3158 cordeipsorum.

441 3178 540 3235 Oblitus
562 3197 637 3248 rum,
666 3191 783 3253 tanquam
806 3192 918 3235 mortuus
932 3197 948 3234 a
961 3180 1037 3235 corde
1051 3195 1060 3234 :
1075 3183 1156 3251 faetus
1169 3196 1227 3233 curn

441 3280 559 3339 taquam
569 3287 614 3326 aas
626 3272 760 3341 perditum.
777 3271 845 3340 Quid
859 3283 900 3327 εει
918 3271 986 3339 boc,
1002 3272 1083 3342 iactus
1098 3287 1155 3325 snm
1168 3282 1225 3325 tan·

440 3377 513 3432 quarn
522 3377 567 3415 aas
581 3362 727 3433 perditum?
738 3362 886 3418 Laborabat
896 3361 956 3427 istc,
970 3371 996 3416 ct
1007 3361 1071 3416 nulli
1082 3360 1224 3431 proderat:

439 3454 503 3510 vidit
517 3471 548 3511 se
560 3470 608 3511 vas
620 3470 692 3522 esse,
713 3466 740 3511 et
757 3455 822 3511 nulli
838 3454 974 3526 prodesse,
1001 3465 1028 3511 et
1049 3470 1078 3511 sc
1101 3467 1224 3526 tanquam

439 3562 485 3603 aas
496 3549 629 3618 perditum
640 3547 714 3603 dicit.
1029 3568 1030 3571 ¹

473 3635 517 3695 ll.
530 3638 606 3713 [cers.
624 3639 679 3713 lb]
698 3640 823 3709 Quoniam
837 3640 921 3694 andini
937 3641 1145 3712 vituperationem
1160 3640 1225 3694 rnul-

439 3740 521 3786 tnram
532 3732 560 3785 in
572 3731 736 3786 accolmtium
749 3732 855 3785 ancuila
873 3747 882 3786 .·
901 3731 977 3786 multi
996 3731 1118 3787 accolunt
1132 3732 1158 3787 in
1170 3731 1224 3787 cir·

438 3824 511 3879 raitu
531 3838 603 3892 meo,
627 3833 655 3880 et
678 3824 874 3895 reprehendunt
906 3840 949 3880 me
969 3824 1097 3895 quotidie.
1120 3824 1223 3892 eranta

438 3913 507 3969 mals
519 3913 612 3969 dicunt
622 3913 648 3968 iu
658 3915 745 3968 matos
756 3913 925 3978 etutsrtauos,
936 3929 996 3984 quac
1009 3913 1148 3971 maledicta
1164 3929 1225 3984 per·

439 4004 547 4059 ueniunt
558 4004 593 4061 ad
608 4019 702 4060 omnes
713 4004 879 4060 Christianos
891 4007 898 4059 l
911 4003 1043 4075 Numquid
1056 4006 1127 4060 euim
1140 4006 1204 4061 dicit
1215 4047 1222 4069 ,

438 4094 483 4166 qni
496 4095 643 4163 maledicit,
658 4104 704 4150 aut
721 4096 766 4165 qui
781 4095 952 4166 reprehendit
963 4095 1138 4165 Christianos,
1156 4098 1224 4153 Ecce

438 4201 497 4256 mtae
509 4183 609 4241 iaciuut
628 4201 683 4242 non
700 4186 762 4241 boui
775 4186 933 4241 christiani?
945 4187 997 4243 Sed
1010 4229 1017 4253 ,
1031 4187 1100 4243 Ecce
1110 4204 1168 4258 quse
1185 4187 1224 4242 la-

438 4278 510 4332 ciant
524 4277 667 4333 Christiani
682 4295 689 4332 ε
704 4293 756 4332 non
771 4287 894 4347 separat,
911 4293 963 4333 rron
980 4278 1115 4334 discernit.
1129 4278 1167 4334 lili
1186 4289 1224 4335 ta-

438 4381 499 4422 men
513 4367 563 4423 ista
578 4367 679 4435 dicunt,
699 4368 879 4439 quincentum
893 4369 918 4422 iu
932 4369 1053 4434 circuitu,
1065 4368 1090 4424 id
1104 4377 1155 4432 cst,
1170 4370 1223 4424 cir-

438 4468 575 4528 cumcunl,
592 4469 619 4516 ει
634 4475 686 4516 uon
704 4461 812 4516 intrant.
834 4461 921 4529 Quare
934 4462 1115 4524 circumeunt,
1130 4470 1158 4516 ct
1171 4477 1223 4516 non

419 4599 423 4610 .
439 4551 554 4608 intranti
568 4553 634 4621 Quia
646 4561 732 4608 rotam
747 4554 873 4623 temporis
887 4562 976 4607 amant
992 4569 1064 4608 :non
1079 4552 1178 4608 intrant
1190 4553 1224 4609 ad

439 4642 588 4708 veritatem,
601 4643 662 4714 quia
673 4652 821 4697 nouamant
831 4643 1022 4708 eternitatem
1035 4643 1225 4713 temporalibus

440 4730 521 4787 dediti
535 4741 659 4802 tanquam
682 4742 748 4788 rotas
766 4732 912 4797 constricti,
926 4732 959 4788 de
974 4733 1068 4804 quibus
1080 4732 1142 4789 alibi
1158 4734 1225 4789 diei·

440 4833 493 4890 tar,
509 4821 582 4878 Pone
593 4824 718 4895 principes
729 4841 815 4879 eorum
826 4835 853 4878 ut
867 4835 947 4879 rotam
959 4824 1042 4895 (Psoi.
1054 4841 1152 4894 uxxxu,
1168 4826 1223 4896 ll);

441 4924 468 4970 ει
479 4915 550 4981 abbi,
566 4914 598 4969 ln
612 4916 717 4970 circuitu
730 4916 801 4986 impii
810 4915 938 4971 ambulant
951 4913 1036 4986 (Psal.
1051 4933 1088 4982 ιιι,
1103 4916 1143 4987 ll).
1158 4915 1225 4970 Dum

441 5017 651 5080 cmpreparmtur
672 5007 720 5080 ipsi
740 5006 815 5062 arnul
829 5008 959 5062 adversum
973 5023 1022 5073 me,
1046 5018 1072 5060 ut
1086 5009 1225 5076 acciperent

442 5096 551 5152 animant
565 5114 647 5152 nream
663 5099 787 5152 consiliati
800 5108 868 5152 sunt.
883 5098 951 5167 Quid
970 5107 1022 5163 εει,
1040 5109 1066 5151 ιιι
1087 5099 1225 5169 acciperent

442 5191 550 5245 ιιιιίιιιιιιι
562 5207 642 5256 ιιιειιιιι
656 5193 780 5246 consiliati
791 5192 868 5246 survi?
882 5191 916 5248 lit
925 5192 1101 5247 coruscatircm
1113 5194 1226 5261 pravita-

444 5283 511 5339 tibus
518 5298 620 5340 corum.
630 5281 684 5338 illis
695 5269 766 5338 enini
778 5285 821 5354 qui
835 5282 1004 5346 maledicunt,
1019 5291 1105 5337 ctuon
1117 5282 1224 5345 intrant,

441 5389 532 5445 parum
547 5383 591 5430 est
604 5375 664 5446 quia
687 5389 740 5430 non
760 5375 874 5441 intrant,
899 5384 926 5430 et
946 5373 1044 5443 ejicere
1059 5374 1120 5429 hinc
1134 5375 1226 5429 volum

443 5465 624 5536 vituperando.
640 5467 669 5521 Si
683 5466 817 5536 ejecerunt
831 5466 902 5521 tede
916 5465 1048 5532 Ecclesia,
1065 5474 1226 5536 acceperuut

443 5558 556 5612 animam
571 5567 651 5623 tuam,
666 5557 756 5622 idest,
772 5568 913 5613 tenuerunt
925 5558 1127 5613 consensionem
1141 5568 1223 5625 tuam,

443 5657 470 5705 nt
481 5649 573 5705 crisin
586 5649 713 5715 circuitu,
729 5666 781 5704 nou
794 5649 821 5703 iu
834 5650 980 5707 mansione.

479 5741 522 5797 li.
536 5739 611 5815 [vern
636 5740 694 5814 tlt]
708 5743 763 5812 Ego
776 5751 883 5809 autem,
900 5743 968 5797 iuter
981 5743 1039 5798 baec
1060 5743 1201 5813 opprobria
1217 5786 1225 5810 ,

443 5834 513 5890 inter
526 5835 583 5890 Ιιιεε
602 5833 746 5899 seandala,
761 5834 830 5888 inter
840 5832 896 5888 lraec
909 5834 975 5887 muta
989 5876 996 5897 ,
1021 5834 1090 5889 inter
1104 5834 1168 5888 istas
1181 5850 1226 5889 sc·

443 5924 596 5992 ductiones,
617 5924 683 5982 loris
698 5924 866 5995 iniquitates,
881 5934 908 5979 ει
923 5926 1110 6002 perversitates
1135 5926 1225 5991 iutus,

443 6030 503 6071 carm
522 6016 686 6072 attenderem
712 6015 834 6070 homines
855 6015 941 6084 justos
963 6025 991 6071 ει
1013 6031 1180 6086 qnaerercru,
1199 6025 1228 6071 et

447 6106 575 6166 deessent
586 6123 653 6183 quos
667 6107 803 6176 imitarer,
817 6106 880 6177 quid
895 6106 966 6163 lecit
991 6106 1062 6178 quod
1088 6107 1227 6163 consilium

980 666 1176 730 Enuttnstto
1195 666 1229 722 IX
1248 666 1407 727 PSbLililll
1427 672 1510 729 XXX.

2018 681 2082 737 sta-

1290 783 1569 857 inrcnilEpoautem,
1584 786 1611 842 in
1621 796 1644 843 te
1654 790 1754 857 sperari
1762 831 1770 857 ,
1786 790 1900 847 llornine.
1916 792 1987 850 Nihil
2000 795 2072 850 salu·

1288 876 1379 943 brius,
1395 878 1598 936 nibilsccurius.
1612 880 1724 940 Volebas
1738 883 1835 939 imitari
1857 884 1947 940 nendo
1969 901 2048 956 quesn
2064 928 2071 943 .

1288 969 1411 1026 invenisti
1427 972 1501 1029 illum
1514 990 1567 1029 non
1581 974 1679 1031 bonum
1694 994 1702 1032 ε
1718 976 1781 1031 ιεΙΙε
1793 974 1968 1033 imitationem
1993 977 2071 1035 barte.
2152 994 2155 1000 ·

1287 1066 1375 1121 Aliam
1388 1066 1504 1139 quasisti
1517 1108 1525 1134 ,
1538 1067 1628 1122 nescio
1641 1066 1704 1139 quid
1715 1067 1849 1139 displicuit
1861 1085 1868 1121 :
1882 1074 1988 1125 tcrttum
1998 1081 2072 1142 quse²

1276 1159 1363 1227 -sisti,
1377 1170 1405 1217 et
1418 1160 1474 1232 ipse
1487 1174 1539 1217 non
1550 1160 1648 1231 placuit
1662 1177 1668 1214 :
1682 1162 1809 1232 numquid
1819 1162 1880 1232 quia
1889 1172 1917 1218 et
1929 1162 1974 1219 illa
1986 1170 2014 1220 ει
2026 1162 2072 1219 illa
2097 1157 2100 1185 ³

1287 1252 1435 1324 displicuit,
1448 1265 1474 1310 ct
1489 1263 1515 1310 tu
1527 1254 1646 1325 peribis?
1660 1253 1735 1310 'l'olle
1745 1254 1779 1309 ab
1791 1254 1899 1311 homine
1912 1269 1999 1325 spem,
2009 1257 2070 1327 quia

1286 1346 1443 1403 maledictus
1456 1348 1544 1402 omnis
1567 1347 1611 1417 qui
1633 1361 1708 1417 spem
1728 1362 1802 1401 suam
1817 1347 1890 1417 ponit
1912 1348 1939 1402 in
1962 1346 2071 1404 bomine

1286 1438 1392 1508 (lana.
1413 1455 1484 1505 ιιιι,
1510 1440 1549 1510 5).
1571 1440 1599 1496 Si
1622 1440 1737 1495 attendis
1761 1439 1847 1495 adbuc
1867 1440 2019 1507 homiuem,
2042 1451 2071 1496 et

1286 1548 1346 1588 eum
1358 1533 1455 1603 quaeris
1471 1531 1585 1597 imitari,
1596 1540 1623 1586 et
1641 1546 1673 1586 cr
1686 1531 1732 1587 illo
1745 1532 1877 1600 pendere,
1900 1530 1987 1587 adbuc
2001 1531 2069 1588 lacte

1285 1625 1324 1678 vis
1338 1625 1486 1690 nutriri;et
1497 1624 1545 1680 lles
1556 1626 1812 1694 mammothreptus,
1832 1623 1924 1692 quales
1944 1621 2070 1678 dicuntur

1284 1716 1360 1786 pueri
1373 1716 1417 1786 qui
1428 1715 1472 1770 diu
1485 1723 1581 1784 sugunt
1591 1753 1599 1780 ,
1610 1712 1680 1783 quod
1695 1728 1747 1767 non
1764 1711 1850 1768 decet.
1872 1712 1976 1768 Etenim
2000 1714 2068 1770 lactc

1284 1806 1341 1871 uti,
1357 1814 1480 1877 nuquam
1508 1822 1554 1876 per
1574 1820 1681 1860 earnem
1697 1797 1766 1859 vella
1788 1805 1837 1860 sibi
1852 1804 1940 1859 cibum
1959 1804 2042 1874 trajici
2058 1848 2066 1868 ,

1284 1895 1336 1952 hoc
1355 1897 1423 1952 idem
1438 1906 1479 1953 est
1494 1912 1542 1967 per
1563 1896 1696 1952 bonriuem
1712 1896 1811 1951 vivere.
1835 1894 1949 1950 idoneus
1963 1906 2020 1950 esto
2034 1894 2068 1949 ad

1283 2003 1420 2054 ιιιειιειιιι,
1438 1989 1499 2044 inde
1512 2003 1577 2059 cape
1586 1988 1656 2044 unde
1670 1987 1716 2044 illa
1726 1986 1814 2057 cepit,
1826 1996 1871 2041 aut
1882 1984 1997 2042 tortasse
2014 2000 2066 2042 non

1283 2082 1363 2153 cepit.
1378 2082 1458 2137 Forte
1468 2082 1567 2136 utiliter
1581 2090 1608 2136 ει
1620 2082 1648 2136 in
1660 2079 1758 2135 malum
1770 2078 1906 2147 incidisti,
1926 2093 2004 2149 quem
2017 2077 2067 2133 bn-

1282 2170 1475 2243 computasti,
1491 2180 1519 2227 ut
1534 2172 1559 2225 iu
1575 2170 1658 2226 ubero
1676 2170 1752 2238 qnasi
1773 2162 1894 2225 materno
1914 2167 2067 2224 amaritudi-

1282 2277 1343 2318 nem
1357 2262 1505 2328 invenires,
1522 2272 1549 2318 et
1561 2276 1592 2318 ea
1609 2261 1756 2318 offensione
1776 2259 1958 2332 repellereris,
1982 2269 2011 2317 et
2032 2258 2066 2315 ad

1281 2353 1369 2407 cibum
1385 2352 1539 2409 validiorem
1559 2352 1721 2408 invitareris.
1735 2351 1846 2406 Faciunt
1859 2349 1929 2406 enim
1952 2349 2004 2407 ltoc
2016 2365 2068 2406 nu-

1282 2445 1360 2499 trices
1373 2444 1600 2514 mammothreptis
1612 2486 1619 2510 ,
1630 2453 1659 2499 ut
1670 2443 1756 2512 aliqua
1769 2456 1858 2496 amara
1872 2448 1970 2511 parunt
1983 2441 2010 2496 in
2020 2456 2067 2511 pa-

1280 2537 1350 2608 pillis
1364 2538 1437 2601 suis,
1453 2537 1548 2607 quibus
1561 2536 1654 2591 ollensi
1666 2534 1765 2605 paruuli
1777 2534 1811 2589 ab
1825 2534 1907 2590 ubere
1924 2532 2042 2589 resiliant
2055 2574 2063 2599 ,

1280 2627 1352 2682 etad
1367 2642 1485 2682 mcnmm
1506 2627 1616 2683 initient.
1642 2627 1710 2697 Ergo
1722 2626 1807 2683 dicat:
1831 2624 1884 2698 Epo
1903 2636 1985 2679 amem
2003 2624 2031 2679 in
2042 2634 2066 2679 ts

1279 2718 1378 2789 sperari
1389 2761 1396 2786 ,
1409 2717 1532 2780 Domine,·
1545 2717 1599 2772 disi
1610 2733 1619 2772 :
1629 2714 1669 2771 Tu
1681 2734 1706 2773 es
1730 2715 1799 2771 Deus
1810 2733 1889 2772 meus
1904 2716 1943 2772 Tu
1954 2732 1984 2772 εε
1995 2717 2065 2772 lictus

1279 2824 1376 2864 meus:
1398 2808 1506 2865 recedat
1519 2809 1668 2875 bonnus,
1691 2807 1799 2864 recedat
1821 2808 1994 2875 Caecilianum
2016 2823 2065 2866 nec

1279 2900 1341 2966 ille,
1355 2917 1405 2957 uec
1414 2901 1465 2958 istc
1479 2902 1548 2957 Deus
1562 2916 1637 2959 meus
1649 2910 1700 2957 εει.
1715 2901 1772 2957 Νειι
1784 2900 1818 2956 ad
1839 2900 1954 2957 bominis
1966 2916 2064 2958 nomen

1278 2993 1403 3060 ambulo,
1419 2993 1516 3048 Christi
1540 3008 1636 3046 rromen
1653 3002 1739 3047 teneo.
1765 2992 1852 3062 ipsum
1871 2990 1982 3047 Paulum
2003 2990 2063 3047 audi

1278 3080 1411 3137 dicentem
1426 3100 1433 3135 ε
1449 3081 1581 3151 Nunrqnid
1593 3080 1693 3137 Paulus
1703 3099 1749 3154 pra
1760 3081 1828 3136 nobis
1851 3081 1986 3151 cruciinm
2006 3092 2061 3149 est,

1277 3172 1356 3226 autin
1369 3172 1469 3227 nomine
1481 3171 1685 3243 Poulibaptisnti
1697 3176 1755 3229 estis
1769 3172 1791 3242 (Ι
1806 3170 1865 3229 Cor.
1877 3186 1898 3241 t,
1914 3173 1977 3235 lbil
1998 3174 2064 3231 Per·

1278 3264 1343 3319 irent
1357 3266 1380 3320 si
1405 3279 1492 3321 essem
1505 3267 1539 3322 de
1551 3278 1625 3335 parte
1645 3267 1737 3334 Pauli;
1752 3265 1887 3337 quomodo
1902 3282 1954 3323 uon
1979 3283 2061 3339 pareo
2152 3322 2156 3327 .

1278 3355 1299 3408 si
1315 3354 1389 3410 litero
1400 3355 1433 3410 dc
1446 3365 1520 3425 parte
1537 3356 1655 3411 Donatil
1675 3356 1787 3413 Prorsus
1798 3357 1924 3414 recedant
1948 3358 2063 3416 lcumena

1277 3447 1400 3516 nomina,
1412 3447 1525 3503 burmann
1536 3449 1665 3518 crimina,
1679 3449 1793 3506 humana
1818 3449 1952 3523 figmenta.
1966 3452 1999 3509 ln
2019 3464 2062 3521 te,

1277 3535 1401 3604 Dnnrine,
1415 3540 1513 3610 sperari
1524 3556 1534 3595 .·
1547 3540 1618 3607 disi,
1631 3539 1669 3595 Yu
1683 3546 1709 3595 ει
1720 3541 1786 3596 deus
1801 3559 1879 3598 naeus.
1903 3542 1960 3600 Non
1981 3543 2062 3601 homo

1276 3628 1414 3699 quisquam
1427 3670 1434 3693 ,
1448 3630 1494 3686 scd
1509 3638 1535 3685 tu
1550 3646 1581 3687 εε
1593 3631 1663 3687 Deus
1685 3647 1769 3689 ιιιειιε.
1786 3631 1860 3690 Urius
1872 3632 1979 3702 delicit,
1994 3627 2062 3691 u'nus

1276 3722 1380 3791 prolicit
1396 3741 1402 3776 :
1419 3723 1489 3778 Deus
1501 3739 1577 3780 mens
1588 3740 1642 3781 nou
1655 3724 1760 3791 deicit,
1773 3742 1862 3798 neque
1878 3726 2062 3798 prolicitsnec
2118 3751 2121 3757 ·

1277 3813 1420 3886 habetque
1433 3815 1551 3884 prolueiut
1565 3816 1708 3886 perlectus,
1724 3833 1774 3873 nec
1785 3818 1865 3878 lrabct
1874 3819 1944 3876 unde
1958 3819 2063 3877 deicht

1275 3917 1401 3961 aeternus.
1416 3905 1477 3968 Dina·
1486 3905 1596 3963 donnino
1605 3923 1614 3962 :
1624 3908 1691 3983 deus
1703 3925 1805 3976 nreuaes
1815 3920 1850 3964 tu.

1312 3997 1354 4052 lb.
1369 3993 1444 4068 [nera.
1455 3996 1511 4070 tlt]
1525 3997 1558 4052 ln
1581 3998 1695 4053 amitibus
1707 4001 1756 4055 tuis
1770 4010 1849 4055 sortes
1862 4017 1924 4056 ntea
1938 4016 1948 4056 .·
1966 4016 2021 4056 non
2035 4002 2061 4058 in

1276 4087 1550 4155 manibushominum,
1560 4090 1605 4144 scd
1617 4090 1771 4145 inmanibus
1786 4091 1846 4144 tuis.
1860 4089 1993 4158 Quscsunt
2004 4090 2064 4148 isla}

1275 4181 2062 4249 sortestquaresortcslAuditonominesortiammoudebc-

1275 4273 2061 4355 mussortilegosquaerere.Sorsenimuonaliquidmaliest:

1276 4366 1322 4422 scd
1336 4381 1381 4422 res
1398 4376 1440 4421 est
1458 4367 1484 4422 in
1499 4366 1664 4424 dubitatione
1680 4368 1794 4424 bumana
1805 4368 1921 4424 diuinam
1942 4369 2062 4428 iudicans
2102 4347 2107 4361 Ι
2171 4425 2172 4429 ,

1275 4451 1448 4513 uoluntatem.
1463 4457 1529 4512 Nam
1544 4465 1571 4513 et
1579 4468 1666 4526 sortes
1677 4458 1806 4514 miserunt
1817 4459 1946 4529 Apostoli,
1956 4461 2062 4532 quando
2127 4451 2129 4457 ⁴

1276 4548 1357 4605 ludas
1371 4549 1466 4605 tradito
1480 4549 1592 4605 Domino
1603 4551 1689 4620 perlit,
1703 4560 1741 4615 et,
1750 4552 1818 4608 sicut
1830 4551 1864 4609 du
1875 4552 1922 4607 illo
1933 4553 2061 4623 scriptum
2089 4556 2096 4570 '

1276 4651 1335 4711 est,
1349 4642 1415 4696 tntu
1427 4643 1453 4697 in
1468 4642 1549 4697 lacurn
1562 4659 1634 4696 auum
1647 4644 1748 4714 :coepit
1757 4644 1839 4714 quaeri
1855 4643 1914 4714 quis
1927 4645 1953 4698 iu
1973 4643 2060 4699 loeum

1276 4732 1334 4803 ejus
1346 4732 1526 4797 ordinaretur,
1539 4732 1615 4788 electi
1631 4742 1692 4788 sum
1706 4732 1760 4788 duo
1771 4733 1871 4804 iudicio
1893 4734 2019 4800 bumana,
2035 4742 2062 4788 et

1277 4821 1375 4878 electus
1389 4822 1423 4878 de
1447 4822 1551 4879 duobus
1574 4838 1643 4879 unus
1663 4823 1763 4895 judicio
1785 4824 1876 4880 divino
1891 4842 1899 4880 ε
1913 4824 1947 4880 de
1959 4824 2064 4881 duobus

1277 4915 1413 4971 consultus
1425 4925 1467 4971 est
1481 4916 1568 4980 Deus,
1584 4933 1724 4987 quemnam
1751 4917 1868 4986 ipsorum
1888 4931 1948 4972 esse
1959 4917 2061 4982 veltet,

1277 5017 1300 5062 et
1314 5009 1467 5069 reciditsors
1483 5026 1558 5080 super
1577 5011 1702 5065 Martiam
1714 5009 1780 5081 (det.
1794 5024 1814 5076 ι,
1826 5008 1883 5081 ill).
1895 5007 1963 5076 Quid
1983 5009 2064 5079 igitur

1277 5109 1333 5167 εει,
1347 5099 1381 5155 in
1394 5100 1507 5156 nranibns'
1520 5103 1569 5156 tuis
1581 5111 1659 5156 sortes
1672 5103 1755 5157 mecei
1767 5101 1866 5169 Sortes
1877 5101 1962 5169 distr,
1976 5117 2062 5174 quna-

1277 5199 1333 5247 tum
1348 5207 1397 5264 ego
1411 5193 1550 5258 existimo,
1575 5195 1686 5264 qratiam
1713 5208 1763 5263 qun
1787 5193 1852 5248 salvi
1877 5194 1937 5250 lacti
1959 5208 2061 5251 sumus.

1277 5282 1365 5352 Quare
1379 5286 1458 5338 sortis
1482 5285 1589 5338 nominc
1602 5284 1717 5354 appellat
1737 5284 1848 5355 qratiam
1872 5285 1938 5340 butt
1950 5282 2016 5354 Quia
2035 5285 2062 5341 in

1278 5383 1350 5430 sorte
1362 5390 1415 5430 uon
1429 5385 1471 5430 est
1480 5374 1593 5440 electio,
1612 5374 1659 5429 sed
1673 5375 1795 5430 volrrnms
1810 5376 1867 5431 liei.
1880 5374 1946 5430 llam
1963 5376 2007 5432 ubi
2021 5375 2063 5432 di·

1278 5468 1363 5533 citur,
1373 5467 1424 5523 Ιειε
1440 5467 1510 5533 lacit,
1527 5467 1576 5522 ἰειε
1591 5480 1644 5521 non
1658 5467 1729 5533 lacit,
1742 5469 1834 5524 rnerita
1849 5469 2060 5532 considerantum

1279 5567 1306 5614 ει
1319 5559 1361 5613 ubi
1374 5558 1698 5624 merituconsiderantur,
1718 5559 1813 5616 electio
1827 5568 1886 5630 est,
1907 5577 1960 5617 uon
1980 5575 2061 5618 som:

1279 5649 1384 5720 quando
1396 5659 1483 5704 autem
1499 5649 1569 5705 Deus
1578 5649 1649 5705 nulla
1659 5652 1752 5707 merita
1764 5661 1854 5708 uestra
1864 5653 1975 5717 invenit,
1989 5660 2064 5708 sorte

1279 5739 1422 5794 voluntatis
1434 5754 1490 5795 succ
1499 5755 1549 5795 nos
1558 5741 1645 5797 salros
1655 5741 1732 5808 lecit,
1745 5743 1806 5814 qnia
1821 5743 1920 5807 voluit,
1935 5758 1988 5799 nou
2000 5742 2061 5813 quia

1280 5832 1350 5903 digni
1362 5833 1467 5888 luimus.
1481 5831 1544 5891 llaen
1558 5843 1600 5891 εει
1611 5849 1678 5890 εοιε.
1694 5835 1788 5892 llcrito
1801 5837 1888 5891 tunica
1901 5836 1945 5890 illa
1959 5830 2065 5891 [lomim

1280 5926 1395 5996 desuper
1407 5932 1477 5981 testa
1487 5924 1577 6017 (inqut.
1598 5941 1663 5994 xcx,
1676 5927 1742 5998 25),
1758 5944 1817 5999 quac
1831 5927 1961 5999 stpntttcat
1974 5926 2064 5982 ebari-

1282 6017 1343 6072 tntis
1357 6017 1624 6086 ειειιιίιιιειιιζειιιε
1648 6019 1728 6074 dividi
1743 6036 1757 6073 a
1772 6019 1986 6090 persecutoribus
2008 6031 2063 6074 non

1282 6122 1386 6181 posset,
1401 6125 1458 6165 sors
1469 6125 1548 6183 super
1560 6123 1619 6167 eam
1633 6110 1765 6168 elimasat
1778 6127 1784 6164 :
1799 6109 1833 6166 ad
1846 6122 1913 6179 quos
1925 6109 2071 6180 perrenit,
