5025 6925
875 760 1014 820 ¹025

941 878 1028 935 to.
1052 875 1181 950 [vert
1227 867 1338 943 ts]
1351 865 1456 926 Sed
1481 875 1758 937 quousque
1779 855 2041 914 ertenditti
2064 850 2293 923 palmites
2309 848 2416 917 ejus
2433 843 2458 898 ‚⁹

877 971 1044 1041 Usque
1079 966 1148 1020 nd
1185 979 1358 1026 mare,
1398 967 1446 1016 et
1484 972 1640 1020 usque
1675 953 1742 1006 ad
1777 952 1965 1021 flumen
2000 940 2302 1015 propagines
2332 935 2460 1008 ejus.

873 1061 1000 1116 lude
1025 1055 1190 1130 quid?
1219 1051 1412 1122 thuid
1439 1044 1739 1104 destruxisti
1768 1040 2036 1096 umcerimn
2065 1036 2173 1106 ejus
2188 1033 2224 1087 ?'
2246 1031 2361 1087 Jam
2387 1028 2465 1082 vi-

878 1152 1014 1207 detis
1045 1161 1282 1205 eversam
1314 1142 1455 1198 illam
1482 1147 1692 1210 gentem
1735 1131 2074 1192 Judaeonun3
2102 1127 2212 1195 jam
2254 1137 2318 1177 ex
2359 1119 2465 1173 alio

880 1245 1084 1314 psalmo
1134 1237 1391 1298 audistis,
1441 1231 1508 1286 In
1561 1225 1768 1282 doictbro
1812 1233 1857 1278 et
1900 1218 2140 1291 fractorio
2180 1214 2466 1283 dejecerunt

880 1352 990 1389 eam
1020 1331 1191 1405 (Psnl.
1217 1342 1402 1392 cxxttt,
1432 1323 1511 1394 6).
1535 1317 1755 1388 Quando
1780 1314 1949 1379 lieret,
1978 1310 2076 1365 nisi
2098 1307 2213 1377 ejus
2239 1305 2468 1359 maceria

883 1418 1288 1481 destrueretur?
1313 1418 1442 1484 Quae
1489 1423 1572 1468 est
1614 1406 1841 1463 maceria
1880 1401 2034 1473 ejus?
2071 1396 2290 1454 Mutiitio
2328 1393 2466 1463 ejus.

891 1514 1104 1572 Exstitit
1140 1512 1283 1569 enim
1324 1505 1552 1578 superba
1593 1500 1852 1556 adversus
1895 1494 2248 1563 plantatorem
2292 1499 2465 1540 suum.

886 1608 1082 1664 Servos
1109 1603 1174 1659 ad
1201 1617 1260 1658 se
1278 1600 1470 1655 missos
1491 1603 1544 1651 et
1571 1598 1813 1664 petentes
1843 1582 2141 1641 mercedem
2171 1576 2347 1635 coloni
2375 1574 2473 1629 lla-

889 1698 1250 1770 gellaverunt,
1280 1688 1587 1746 ceciderunt
1607 1724 1623 1747 ‚
1656 1678 1985 1737 occiderunt.
2014 1672 2170 1728 Venit
2209 1679 2263 1725 et
2287 1667 2474 1723 unicus

890 1788 1084 1852 Filins;
1112 1785 1351 1840 dixerunt
1374 1822 1389 1846 ,
1425 1776 1522 1831 Hic:
1547 1784 1617 1830 est
1645 1773 1823 1835 Ita‘res,
1850 1768 2008 1821 venite
2033 1762 2319 1818 occidamus
2337 1773 2474 1823 eum,

891 1890 938 1934 et
984 1886 1154 1932 nostra
1196 1875 1286 1928 erit
1316 1867 1584 1926 'accreditus
1625 1882 1642 1919 .·
1679 1860 1967 1917 occiderunt
2011 1865 2057 1910 et
2095 1864 2238 1908 extra
2281 1851 2476 1904 vineam

893 1970 1208 2041 projecerunt
1230 1962 1439 2036 (ttaem.
1465 1974 1552 2014 xxt
1570 1998 1585 2022 ,
1607 1951 1820 2023 'st-39).
1843 1948 2136 2019 ProiectuS,
2165 1943 2330 2013 magis
2356 1954 2479 2011 pos·

894 2060 1034 2115 sedit
1077 2057 1214 2113 unde
1261 2053 1526 2125 pruJectus
1556 2054 1656 2103 est.
1689 2043 1779 2100 Sic
1825 2041 1965 2095 enim
2013 2037 2062 2092 ei
2110 2035 2341 2090 minatur
2384 2045 2480 2102 per

897 2151 1080 2206 isaiam
1115 2164 1130 2202 :
1161 2145 1425 2199 Destruaut
1456 2136 1723 2193 maceriam
1764 2133 1893 2204 ejus.
1924 2125 2140 2197 Quare?
2183 2120 2482 2193 Exspectant·

894 2244 1027 2297 euim
1056 2248 1107 2292 ut
1134 2240 1320 2311 faceret
1347 2247 1530 2295 ueam,·
1560 2228 1675 2298 fecit
1719 2234 1886 2278 autem
1922 2220 2095 2289 spinas
2127 2231 2146 2271 .·
2174 2210 2480 2282 exspectavi

897 2332 1020 2388 inde
1042 2330 1291 2392 frutetum,
1317 2333 1371 2379 et
1401 2320 1574 2377 iuveni
1608 2323 1900 2388 peccatum.
1931 2308 2066 2378 Quid
2096 2321 2222 2377 ergo
2246 2303 2440 2375 qnzcris
2463 2345 2479 2368 ,

897 2441 931 2480 o
969 2421 1144 2492 Asaplt
1162 2460 1178 2486 ,
1215 2416 1259 2473 1]
1265 2415 1404 2488 terrici
1434 2408 1722 2467 destruxisti
1763 2401 2034 2480 nmceriam
2063 2398 2206 2471 ejus?
2236 2397 2316 2451 'l'u
2339 2394 2482 2449 enim

901 2519 1075 2574 nescis
1111 2511 1313 2586 quare?
1342 2503 1644 2579 Exspectari
1681 2511 1734 2554 ut
1778 2502 1964 2571 faceret
1981 2491 2266 2567 judicium,
2298 2497 2342 2543 et
2368 2486 2485 2558 [ecit

899 2610 1213 2682 iniquitatem
1238 2602 1388 2673 (lsai.
1413 2615 1466 2663 v,
1494 2598 1549 2664 5,
1572 2595 1628 2662 Ξ,
1651 2594 1708 2662 7)
1731 2611 1744 2646 :
1768 2603 1874 2646 non
1899 2595 2013 2644 erat
2030 2578 2348 2640 destruenda
2375 2593 2488 2633 ma-

901 2704 1043 2759 ceria
1072 2697 1222 2769 ejus?
1252 2695 1321 2750 Et
1346 2697 1605 2748 venet-unt
1630 2685 1830 2742 Gentes
1850 2722 1867 2748 ,
1907 2678 2178 2735 destructa
2216 2671 2444 2727 maceria
2469 2710 2484 2734 ,

905 2796 1082 2850 invasa
1107 2797 1190 2847 est
1215 2787 1390 2851 vinea,
1418 2798 1480 2838 ac
1505 2780 1737 2836 deletum
1770 2782 1990 2844 reguum
2017 2766 2343 2824 ludaeorum.
2371 2760 2487 2817 Ibe

905 2885 1075 2954 primo
1101 2880 1332 2952 plangit,
1358 2874 1454 2931 sed
1477 2887 1582 2942 non
1617 2870 1734 2924 sine
1761 2879 1878 2935 spe.
1909 2863 1986 2918 De
2019 2856 2315 2916 directione
2347 2855 2490 2909 enim

905 2973 1082 3029 cordis
1105 2971 1212 3042 jam
1244 2967 1506 3037 loquitur,
1542 2961 1594 3016 id
1625 2967 1735 3021 est,
1779 2969 1876 3025 pro
1914 2949 2185 3022 AssyriiS,
2226 2960 2324 3016 pro
2365 2944 2495 2998 diri-

907 3062 1152 3136 gentibus
1203 3057 1446 3114 Psalmus
1491 3059 1593 3107 est.
1648 3044 1835 3118 thuid
1884 3038 2174 3096 destruxisti
2221 3034 2494 3090 maceriam

908 3155 1048 3224 ejus,·
1072 3160 1118 3206 et
1143 3145 1448 3204 vindemiant
1475 3157 1588 3197 eam
1613 3153 1782 3192 onmes
1814 3140 2128 3187 transeuntes
2151 3128 2280 3181 viam
2298 3126 2324 3180 ?
2356 3123 2494 3194 Quid

909 3253 1011 3308 est,
1040 3244 1169 3296 vium
1199 3231 1552 3293 transeuntes?
1576 3223 1965 3296 Tetttporaliter
1991 3217 2350 3274 dominantes·

985 3335 1073 3389 Η.
1103 3330 1256 3405 [ren.
1279 3324 1391 3398 tt]
1417 3318 1703 3377 Decastucit
1724 3331 1834 3370 eam
1867 3327 1989 3382 aper
2015 3309 2077 3363 de
2108 3308 2250 3362 silva.
2295 3308 2494 3375 Aprum

912 3426 981 3481 de
1005 3424 1133 3478 silva
1156 3417 1282 3491 quid
1303 3408 1669 3485 intelligimus?
1686 3404 1883 3463 iudaeis
1905 3413 2098 3473 porcus
2113 3398 2369 3452 adversus
2391 3401 2493 3459 est,

913 3517 1045 3572 etin
1077 3526 1238 3585 porco
1281 3514 1484 3578 ponunt
1507 3514 1758 3572 tanquam
1799 3491 2188 3553 immunditiam
2225 3487 2498 3543 Gentium.

915 3610 956 3663 Α
1002 3601 1259 3662 Gentibus
1296 3606 1472 3652 autem
1509 3606 1692 3649 eversa
1732 3594 1814 3644 est
1855 3600 1986 3656 gens
2011 3580 2191 3639 Judaea
2227 3577 2363 3635 :sed
2405 3591 2500 3632 rex

917 3699 1005 3753 ille
1043 3695 1130 3766 qui
1160 3691 1380 3755 evertit,
1411 3702 1514 3742 non
1556 3692 1759 3739 tantum
1800 3692 1992 3749 porcus
2027 3671 2365 3737 immunduS,
2402 3667 2500 3724 sed

916 3792 1076 3846 etiam
1106 3784 1377 3857 apertuit.
1408 3779 1542 3848 Quid
1564 3776 1703 3831 euim
1740 3786 1902 3843 aper,
1932 3767 2029 3822 nisi
2064 3779 2254 3836 porcus
2287 3773 2459 3817 saevus
2479 3800 2498 3827 ,

919 3895 1110 3956 porcus
1135 3872 1428 3947 supet-bus?
1455 3871 1587 3939 Aper
1612 3867 1674 3921 de
1692 3866 1821 3921 silva
1849 3860 2059 3916 vastavit
2083 3873 2213 3912 eain.
2243 3853 2320 3909 De
2337 3854 2466 3908 silea
2482 3866 2502 3906 .·

918 3976 985 4032 de
1012 3971 1289 4031 Gentibus·
1326 3964 1536 4023 Etenim
1576 3959 1665 4016 illa
1705 3957 1858 4011 vinea
1893 3960 2042 4017 crat-3
2083 3948 2282 4005 Gentes
2323 3952 2502 3999 autem

920 4067 1064 4123 silvai
1091 4070 1260 4118 eraut.
1291 4056 1395 4114 Sed
1422 4050 1633 4125 quando
1660 4044 1999 4103 crediderunt
2025 4039 2244 4101 Gentes,
2271 4034 2396 4106 qnid
2424 4033 2504 4086 di·

922 4162 1064 4208 ctum
1094 4146 1214 4204 est?
1247 4163 1266 4196 ι
1300 4142 1451 4198 Tunc
1494 4132 1832 4192 exsultabunt
1871 4126 2049 4183 omnia
2075 4124 2216 4194 ligna
2253 4121 2502 4175 silvarum

924 4241 1096 4315 (psat.
1115 4252 1236 4303 xcv,
1260 4229 1371 4306 η).
1409 4224 1848 4284 Devastaviteam
1882 4230 2011 4287 aper
2045 4214 2113 4269 de
2134 4212 2363 4281 silva,et
2386 4208 2500 4263 sin-

924 4316 1121 4405 gularis
1161 4327 1306 4382 l'erus
1330 4321 1581 4391 depastus
1610 4321 1694 4370 est
1729 4325 1866 4367 eam.
1906 4326 1926 4361 ι
1957 4304 2094 4373 Quid
2123 4312 2225 4369 est,
2264 4320 2284 4355 ι
2321 4301 2507 4371 singu·

929 4426 1052 4481 laris
1077 4417 1258 4477 serus?
1291 4434 1311 4468 ι
1345 4414 1461 4483 lpse
1486 4423 1616 4480 aper
1644 4405 1734 4476 qui
1764 4398 2059 4458 devastavit
2086 4410 2202 4452 eam
2223 4436 2238 4462 ,
2272 4391 2508 4462 singula-

929 4518 1003 4572 ris
1043 4513 1202 4569 serus.
1228 4503 1557 4577 SingulariS,
1593 4496 1714 4569 quia
1744 4493 2025 4563 superbus.
2058 4487 2170 4542 Hoc
2213 4484 2356 4540 enim
2384 4482 2512 4538 dicit

930 4605 1104 4662 otnnis
1129 4598 1389 4670 superbus
1418 4612 1431 4650 :
1458 4591 1572 4662 Ego
1600 4601 1738 4652 sum;
1760 4597 1859 4654 ego
1881 4595 2020 4647 sunt,
2052 4587 2107 4634 et
2128 4591 2306 4632 nemo.

1003 4697 1089 4753 t2.
1114 4693 1264 4769 [vers.
1293 4689 1382 4755 ¹5,
1409 4681 1519 4757 16.]
1544 4679 1649 4738 Sed
1673 4692 1778 4749 quo
1800 4673 1973 4729 fructu
2004 4668 2156 4725 ltaec?
2184 4686 2203 4719 ι
2240 4668 2379 4721 Deus
2402 4664 2511 4718 vir·

934 4802 1102 4849 tutum
1131 4791 1440 4843 convertere
1470 4788 1615 4832 vero.
1670 4789 1690 4824 ι
1736 4764 1988 4836 Quamvis
2032 4764 2146 4817 lucc
2192 4758 2326 4813 sacta
2364 4756 2510 4825 sint,

940 4903 959 4936 t
993 4884 1304 4938 convertere
1328 4884 1478 4926 vero·
1507 4862 1732 4933 Respice
1757 4858 1825 4914 de
1852 4854 2009 4920 coeto,
2032 4861 2086 4907 et
2111 4849 2250 4913 vide,
2276 4855 2331 4903 et
2359 4847 2516 4901 visita

933 4979 1143 5031 vineam
1168 4970 1344 5025 istam.
1374 4962 1440 5017 Et
1467 4957 1662 5031 perfice
1689 4967 1805 5010 carn
1835 4963 1991 5023 quam
2017 4943 2276 5016 plantavit
2299 4940 2518 4996 dextera

938 5083 1048 5125 tua.
1079 5084 1099 5119 ι
1131 5062 1247 5118 Non
1274 5057 1430 5134 aliam
1475 5050 1726 5112 institue,
1768 5042 1862 5099 sed
1903 5042 2040 5095 banc
2084 5035 2297 5107 pertice.
2339 5032 2519 5103 Ipsum

939 5168 1022 5216 est
1043 5156 1183 5213 enim
1205 5163 1385 5206 semen
1411 5140 1700 5203 Abrabam,
1718 5136 1892 5207 ipsum
1913 5141 1994 5187 est
2015 5143 2197 5185 semen
2225 5127 2276 5181 in
2297 5139 2403 5197 quo
2422 5123 2520 5180 be-

942 5249 1257 5305 nedicuntur
1296 5251 1483 5295 omnes
1510 5232 1715 5290 Gentes
1756 5224 1907 5299 (Gen.
1956 5235 2097 5287 xxn,
2144 5216 2236 5289 18)
2280 5233 2293 5268 :
2326 5215 2397 5271 ibi
2439 5219 2524 5271 est

944 5342 1124 5407 radix,
1150 5336 1241 5393 ubi
1284 5339 1525 5404 portatur
1561 5324 1792 5380 oleaster
1827 5319 2077 5373 insertus.
2108 5309 2305 5379 Perfice
2328 5307 2526 5362 vineam

945 5437 1090 5490 istaut
1117 5443 1266 5500 quam
1306 5419 1549 5497 plantavit
1579 5415 1782 5470 dextera
1810 5419 1916 5464 tua.
1944 5404 2049 5462 Sed
2076 5402 2164 5459 ubi
2192 5398 2436 5472 perficit?
2461 5393 2527 5452 Ει

946 5541 1098 5596 super
1128 5521 1290 5593 filium
1319 5512 1534 5569 hominis
1565 5522 1713 5579 quent
1738 5496 2047 5568 coufirmasti
2090 5494 2196 5549 tibi.
2237 5490 2376 5561 Quid
2416 5489 2529 5545 evi-

947 5611 1196 5673 dentius?
1236 5604 1358 5679 quid
1389 5603 1560 5658 adhuc
1587 5592 1913 5666 exspectatis
1938 5599 1996 5645 ut
2030 5586 2182 5642 vobis
2210 5578 2529 5654 disputando

950 5715 1311 5779 exponamuS‚
1351 5706 1408 5753 et
1441 5708 1549 5749 non
1577 5688 1754 5762 potius
1781 5683 2052 5740 vobiscum
2082 5672 2393 5732 admirando
2419 5671 2531 5727 cla-

952 5812 1158 5857 memus
1190 5811 1203 5847 :
1239 5788 1437 5858 Perfice
1463 5785 1658 5839 vineam
1696 5779 1843 5833 istam
1869 5788 2020 5844 quam
2057 5766 2300 5841 plantavit
2327 5764 2534 5819 dextera

953 5904 1061 5958 tua,
1089 5897 1136 5944 et
1157 5898 1310 5954 super
1334 5879 1499 5950 filium
1523 5869 1738 5927 hominis
1763 5881 1878 5923 eam
1908 5859 2141 5935 pertice?
2166 5857 2335 5925 Quem
2365 5852 2532 5910 filium

955 5978 1222 6041 bominis?
1254 5974 1413 6042 Quem
1442 5962 1751 6037 coufirmasti
1797 5958 1903 6014 tibi.
1954 5953 2199 6026 Magnum
2225 5949 2535 6004 firmamen-

956 6076 1087 6132 tum!
1112 6070 1314 6127 aedilica
1339 6070 1594 6136 quantum
1613 6065 1783 6127 poteS.
1805 6048 2213 6105 Fundamentum
2235 6040 2366 6096 enim
2391 6032 2537 6091 atiud

960 6182 1110 6247 uentu
1125 6166 1508 6243 potest-ponere,
1523 6156 1707 6223 proeter
1723 6158 1874 6214 quam
1893 6138 2028 6209 quad
2050 6135 2264 6210 potitum
2285 6144 2378 6199 eta,
2403 6125 2539 6202 quod

961 6264 1034 6313 cst
1053 6252 1279 6311 Christus
1303 6242 1454 6303 Jews
1487 6236 1532 6313 (Ι
1553 6234 1672 6297 Cer.
1699 6250 1756 6293 m
1779 6275 1796 6307 ‚
1825 6232 1939 6301 Η).

1921 725 2312 793 munusue
2351 723 2414 780 ΙΝ
2453 719 2775 780 PSALMUM
2815 719 3049 778 Lxxtx.

2638 866 2725 921 io.
2751 863 2901 938 [vers.
2934 861 3048 936 12]
3081 863 3335 919 succensu
3369 861 3475 934 iqui
3499 869 3545 915 et
3571 859 3785 930 effossa,
3821 862 3885 918 ab
3921 862 4074 934 incr-ui

2571 956 2705 1011 tione
2742 956 2907 1010 vultus
2944 954 3017 1007 tui
3046 952 3297 1025 peribunt.
3328 954 3461 1021 Quae
3496 961 3623 1009 sunt
3662 967 3913 1010 succensa
3965 958 4066 1026 igni
4098 962 4154 1010 et

2571 1046 2794 1113 effossa,
2839 1060 2959 1117 quae
2990 1045 3237 1114 peribunt
3269 1044 3337 1100 ab
3377 1044 3738 1114 increpatione
3781 1046 3957 1100 vultus
3998 1046 4154 1115 ejus!

2576 1138 2861 1194 Videamus
2898 1145 2952 1191 et
2995 1135 3350 1206 intelligamus
3372 1151 3491 1206 qum
3525 1135 3632 1190 sint
3659 1134 3763 1206 igni
3805 1149 4061 1195 succensa
4100 1143 4157 1193 et

2571 1229 2785 1287 effossa.
2816 1227 2957 1297 Quid
2981 1227 3271 1297 increpavit
3292 1225 3575 1282 Christus?
3606 1226 3827 1282 Peccata
3858 1243 3872 1279 ι
3898 1226 3965 1284 ab
3986 1227 4159 1286 incre-

2576 1321 2787 1392 patione
2835 1318 3014 1373 vultus
3057 1317 3174 1388 ejus
3219 1327 3432 1388 peccata
3475 1315 3767 1388 perlernnt.
3811 1315 3986 1385 Quare
4029 1331 4161 1388 ergo

2578 1419 2792 1482 peccata
2830 1409 2933 1480 igni
2963 1423 3217 1463 succensa
3246 1415 3301 1463 et
3325 1406 3558 1462 effossa?
3584 1405 3771 1462 Omnia
3801 1414 4014 1478 peccata
4039 1405 4161 1463 duae

2578 1520 2663 1558 res
2689 1501 2886 1556 iaciunt
2915 1502 2969 1556 iu
2994 1500 3242 1566 botnlne;
3272 1499 3534 1570 cupiditas
3552 1540 3567 1566 ,
3594 1509 3650 1555 et
3674 1499 3853 1557 timor.
3884 1500 4160 1572 Cogitate,

2579 1593 2858 1658 discutite,
2908 1591 3229 1662 interrogate
3275 1590 3434 1645 eorda
3481 1600 3697 1657 vestra,
3757 1590 4164 1660 perscrutamini

2578 1683 2966 1748 couscientias;
2991 1681 3165 1737 videte
3197 1690 3370 1736 utrum
3400 1679 3608 1749 possint
3632 1694 3752 1736 esse
3779 1689 3992 1751 peccata
4011 1721 4027 1746 ,
4060 1657 4169 1735 nisi

2579 1784 2671 1829 ant
2714 1772 3014 1844 cupiendo,
3070 1780 3161 1827 aut
3211 1771 3465 1826 timendo.
3520 1770 3839 1842 Proponitur
3881 1770 4167 1842 prwmiuut

2584 1877 2641 1920 ut
2683 1879 2907 1937 pecceS,
2952 1863 3003 1919 id
3044 1873 3161 1929 cst,
3206 1862 3346 1933 quod
3390 1871 3440 1917 tc
3467 1862 3727 1926 dulcet-‘tu
3780 1862 3909 1919 iacis
3950 1868 4169 1933 propter

2583 1959 2725 2031 quud
2755 1959 2924 2029 cupis.
2953 1955 3061 2011 Sed
3109 1955 3243 2010 ferte
3270 1970 3376 2008 non
3419 1953 3687 2010 induceris
3713 1952 3901 2017 dunis,
3949 1954 4171 2012 terreris

2584 2051 2776 2116 minis;
2832 2048 2962 2104 facis
3016 2056 3235 2118 propter
3284 2045 3426 2118 quod
3475 2044 3653 2102 times.
3702 2042 4063 2116 Corrnmpere
4112 2049 4167 2098 te

2585 2145 2699 2199 vult
2744 2142 2957 2213 aliquis,
2985 2150 3043 2195 ut
3065 2141 3234 2205 dicas,
3258 2139 3406 2196 verbi
3433 2139 3638 2210 gratia,
3687 2138 3879 2194 falsum
3926 2137 4167 2194 testinno-

2588 2234 2754 2288 nium.
2787 2230 3192 2287 innumerabilia
3214 2238 3337 2284 sunt
3360 2271 3376 2296 ,
3407 2228 3502 2284 sed
3524 2229 3759 2298 planiora
3792 2243 4062 2299 propono,
4102 2227 4175 2285 de

2587 2328 2782 2399 quibus
2820 2334 3015 2398 caetere
3064 2323 3378 2396 conjiciatis.
3421 2321 3704 2379 Atteudisti
3755 2331 3811 2376 tu
3860 2321 4062 2386 Deum,
4118 2328 4175 2377 et

2589 2418 2768 2473 dixisti
2834 2417 2887 2472 in
2949 2416 3129 2471 animo
3188 2423 3281 2471 tuo
3328 2430 3345 2468 ι
3396 2413 3533 2481 Quid
3585 2412 3787 2485 prodest
3846 2411 4039 2466 bantini
4055 2451 4072 2478 ‚
4128 2410 4175 2468 εἰ

2592 2520 2753 2565 totum
2778 2508 3023 2566 mundum
3061 2507 3315 2572 lucretur,
3341 2506 3527 2560 auimoe
3561 2515 3727 2572 autem
3753 2519 3861 2559 ενα
3900 2503 4177 2559 detrimen·

2591 2611 2697 2655 tum
2726 2599 2987 2670 potiatur(
3013 2597 3200 2652 Matth.
3222 2613 3329 2663 xvr,
3359 2596 3504 2667 26st
3528 2596 3643 2652 Non
3669 2595 3905 2651 adducor
3933 2594 4177 2667 praemio,

2593 2703 2651 2746 ut
2676 2689 2894 2764 perdam
2916 2690 3148 2744 animant
3177 2703 3352 2743 meam
3397 2701 3499 2757 pro
3545 2686 3693 2742 lucro
3737 2686 3995 2756 pecunioe.
4028 2686 4177 2742 Cott-

2596 2782 2756 2840 vertit
2795 2783 2887 2837 ille
2927 2797 2989 2837 se
3029 2781 3096 2835 ad
3147 2778 3507 2835 incutiendum
3556 2788 3785 2841 metum:
3827 2777 3915 2849 qui
3959 2777 4180 2848 proemio

2595 2889 2939 2946 corrumpere
2974 2889 3077 2929 non
3108 2873 3310 2938 valuit,
3350 2872 3536 2942 incipit
3566 2869 3756 2925 minari
3786 2870 4062 2937 dantnum,
4085 2883 4177 2926 exe

2597 2968 2915 3038 pulsionem‚
2942 2965 3117 3020 caedes
3139 2963 3382 3018 fortassis
3402 2969 3456 3018 et
3476 2970 3701 3017 mortem
3729 2979 3743 3016 ε
3770 2960 3839 3015 ibi
3864 2960 3994 3031 jam,
4020 2960 4187 3017 sicu·
4262 3001 4267 3006 .

2599 3060 2790 3131 piditas
2812 3074 2918 3113 non
2940 3056 3122 3120 valuit,
3147 3055 3283 3111 sorte
3308 3056 3466 3109 timor
3482 3052 3677 3109 valebit
3698 3061 3755 3108 ut
3774 3066 3983 3123 pecces.
4012 3050 4183 3106 Porro

2599 3161 2777 3209 autem
2816 3151 2862 3207 si
2908 3150 2976 3207 de
3023 3148 3310 3219 seripturis
3335 3156 3521 3203 contra
3550 3143 3891 3214 cupiditatem
3916 3142 4061 3199 veuit
4086 3141 4183 3200 tibi

2601 3246 2655 3301 in
2682 3254 2935 3308 mentem,
2965 3242 3102 3311 Quid
3126 3241 3326 3312 prodest
3352 3237 3562 3305 homini,
3585 3238 3629 3292 si
3650 3247 3808 3290 totum
3833 3234 4076 3290 muudum
4094 3236 4181 3289 itt·

2601 3346 2788 3402 cretur,
2816 3336 3000 3388 animae
3021 3340 3186 3386 autem
3209 3346 3317 3387 succ
3342 3330 3694 3384 detrimentum
3725 3327 3979 3396 patiatur,·
4004 3323 4185 3382 veniat

2602 3429 2761 3486 etiam
2790 3436 2975 3483 contra
3016 3426 3259 3481 timerem
3305 3423 3357 3479 in
3402 3429 3659 3486 mentem,
3688 3417 3864 3473 Nolite
3895 3418 4071 3473 timere
4100 3431 4189 3475 m

2604 3523 2691 3592 qui
2716 3538 2899 3592 corpus
2923 3518 3190 3582 occidunt,-
3227 3517 3450 3571 euimam
3484 3523 3648 3567 nutem
3679 3528 3781 3568 non
3818 3520 4027 3583 possunt
4050 3510 4189 3567 occi-

2610 3612 2728 3668 dere
2755 3610 2776 3679 (
2791 3610 2878 3665 ta.
2907 3626 2960 3670 x.
2984 3607 3114 3679 28).
3142 3606 3469 3676 Quicumque
3497 3613 3548 3660 te
3572 3603 3685 3659 vult
3715 3601 3993 3668 occidere,
4018 3616 4191 3672 usque

2605 3703 2673 3758 ad
2693 3717 2887 3773 corpus
2913 3700 2961 3756 ei
2989 3701 3141 3764 licet;
3172 3711 3339 3767 usque
3357 3695 3425 3751 ad
3443 3695 3674 3751 animam
3698 3708 3802 3748 non
3826 3693 3967 3748 licet.
3995 3692 4191 3750 Anima

2607 3805 2697 3853 tua
2726 3810 2832 3850 non
2855 3793 3132 3855 morietur,
3163 3791 3263 3845 nisi
3292 3799 3346 3844 tu
3376 3802 3494 3843 eam
3516 3785 3746 3842 volueris
3770 3784 4035 3840 occidere.
4062 3782 4193 3841 Per·

2609 3890 2737 3944 imat
2764 3885 2936 3941 aliena
2961 3884 3208 3953 iniquitas
3231 3894 3447 3936 earnem
3472 3888 3633 3945 tuam,
3656 3876 3782 3932 dum
3800 3876 4195 3933 servetxeritn

2608 3982 2840 4037 animam
2871 3988 3033 4034 tuam.
3065 3978 3121 4033 Si
3148 3985 3327 4032 autem
3353 3990 3382 4030 a
3408 3974 3629 4031 veritate
3651 3972 3925 4042 resilieris,
3950 3971 4079 4044 quid
4098 3970 4197 4029 tibi

2610 4071 2838 4141 amplius
2868 4068 3101 4124 tacturus
3124 4076 3208 4123 est
3227 4065 3490 4129 inimicus,
3508 4078 3664 4134 quam
3694 4071 3749 4119 tu
3766 4062 3870 4118 ‘tibi
3892 4062 4006 4132 ipse
4027 4060 4213 4119 sacis!-

2612 4160 2863 4217 lnimicus
2883 4161 3111 4216 soeviens
3134 4171 3351 4213 caruem
3391 4162 3566 4225 potest
3602 4153 3846 4210 occidere
3874 4171 3889 4208 ε
3921 4161 3975 4207 ιιι
4016 4160 4197 4209 autent

2594 4250 2839 4308 =dicendo
2882 4251 3071 4306 falsum
3118 4246 3481 4305 testimonium
3528 4244 3761 4300 animam
3807 4242 4026 4301 occidis.
4058 4242 4199 4300 Audi

2615 4346 2942 4417 scripturam
2970 4358 2985 4396 τ
3012 4339 3083 4396 Os
3108 4337 3242 4411 quod
3280 4336 3553 4403 mentitur,
3584 4334 3766 4389 occidit
3789 4333 4013 4388 unimam
4038 4331 4198 4406 (Sap.

2616 4458 2655 4508 t,
2688 4439 2747 4496 tt
2779 4439 2819 4510 ).
2850 4436 3052 4506 Itaque,
3089 4430 3282 4488 mitres
3323 4428 3460 4495 mei,
3508 4428 3576 4484 ad
3613 4440 3774 4483 omne
3815 4434 3960 4482 recte
4003 4424 4201 4481 iactum

2616 4548 2770 4589 antor
2802 4537 2857 4585 et
2899 4529 3058 4583 timor
3082 4523 3228 4579 ducit
3254 4538 3270 4577 ε
3300 4520 3367 4576 ad
3393 4534 3553 4576 omne
3580 4526 3851 4589 peccatum
3878 4530 4029 4572 amor
4055 4523 4110 4572 et
4135 4514 4205 4573 tt-

2620 4642 2738 4683 mor
2779 4623 2943 4679 ducit.
2987 4620 3058 4677 Ut
3104 4617 3262 4674 iacias
3302 4616 3463 4679 bene,
3510 4626 3660 4668 amas
3698 4612 3902 4677 Deum,
3948 4618 4005 4666 et
4046 4608 4205 4665 times

2622 4723 2788 4778 Deum
2820 4736 2834 4775 ε
2865 4726 2923 4773 ιιι
2950 4722 3126 4770 autem
3156 4709 3318 4766 l'acias
3342 4707 3515 4771 male,
3551 4719 3699 4761 amas
3733 4702 3992 4759 mundum
4013 4743 4029 4766 ,
4057 4708 4113 4757 et
4138 4700 4207 4757 ti-

2622 4827 2738 4870 mes
2781 4806 3062 4865 mundum.
3114 4803 3241 4858 lloec
3284 4800 3391 4856 duo
3429 4804 3807 4853 convertantur
3848 4791 3915 4849 ad
3960 4792 4204 4848 bonum:

2622 4904 2839 4962 amabas
2880 4912 3074 4955 terram
3097 4938 3112 4961 ‚
3143 4908 3261 4949 ama
3294 4892 3456 4947 vitam
3486 4898 3774 4953 oeternam3
3808 4884 4032 4941 timebas
4061 4898 4209 4940 mor-

2625 5006 2753 5063 tem,
2778 4994 2905 5050 timc
2931 4991 3255 5063 gebennam.
3285 4979 3549 5053 Quidquid
3571 4979 3667 5036 tibi
3693 4977 3875 5049 iniquo
3902 4975 4211 5048 promiserit

2625 5086 2891 5153 mundns,
2922 5078 3177 5152 numquid
3215 5083 3393 5149 potest
3427 5073 3555 5129 dare
3597 5079 3855 5143 quantum
3897 5066 4043 5123 debit
4063 5066 4213 5139 justo

2629 5178 2808 5236 Deus?
2849 5168 3115 5243 Quidquid
3161 5167 3254 5225 tibi
3290 5166 3437 5238 justo
3476 5164 3708 5218 minatus
3745 5159 3906 5216 luerit
3943 5155 4211 5225 mundus,

2631 5268 2883 5342 numquid
2923 5274 3093 5338 potest
3134 5260 3313 5319 iacere
3353 5255 3498 5329 quod
3543 5253 3667 5309 iacit
3702 5251 3883 5322 iniquo
3914 5248 4092 5307 Deus?
4118 5247 4215 5305 Vis

2631 5366 2813 5420 videre
2839 5358 2965 5430 quid
2990 5356 3209 5413 daturus
3234 5360 3318 5408 est
3344 5350 3502 5413 Deus,
3525 5347 3570 5403 si
3592 5344 3733 5416 juste
3752 5341 3983 5398 vixeris?
4016 5338 4215 5405 Venite,

2631 5453 2872 5512 benedicti
2899 5449 3066 5504 Putria
3089 5445 3186 5500 mei
3198 5459 3218 5508 ,·
3246 5438 3483 5513 percipite
3507 5452 3715 5508 regnunt
3742 5432 3880 5506 quod
3900 5430 4038 5487 vobis
4059 5443 4208 5497 para·
4278 5418 4283 5423 ’

2636 5560 2741 5605 tum
2764 5556 2835 5602 est
2861 5543 2922 5599 ab
2946 5539 3140 5613 oriqiue
3166 5534 3362 5592 numdi.
3394 5532 3489 5586 Vis
3511 5529 3691 5585 videre
3717 5525 3843 5599 quid
3874 5524 4111 5580 tacturus
4134 5528 4215 5578 est

2637 5637 2848 5709 impiis?
2879 5634 2959 5689 Ite
2981 5634 3033 5687 in
3058 5631 3224 5703 iquem
3247 5635 3508 5688 oeterrtum,
3538 5622 3624 5694 qui
3666 5626 3873 5691 paratus
3909 5622 3983 5669 est
4016 5610 4221 5667 diabolo

2638 5741 2683 5787 et
2710 5728 2901 5802 angelis
2941 5724 3053 5794 ejus
3082 5720 3100 5790 (
3122 5717 3304 5775 ttauh.
3350 5730 3475 5781 xxv,
3505 5713 3596 5780 54,
3641 5711 3702 5767 ss
3726 5710 3768 5779 ).
3817 5706 3962 5761 Bene
4003 5700 4219 5774 quidem

2640 5821 2775 5879 nihil
2800 5829 2857 5876 tu
2894 5814 3037 5871 atiud
3062 5813 3142 5868 vis
3162 5854 3177 5878 ,
3217 5823 3375 5881 quam
3408 5813 3465 5861 ut
3503 5804 3639 5859 bene
3669 5800 3761 5855 tibi
3790 5798 3876 5852 sit.
3911 5794 4045 5850 Nam
4074 5793 4128 5849 in
4152 5804 4225 5849 eo

2642 5910 2787 5987 quod
2810 5922 2979 5975 amas,
3002 5906 3081 5962 vis
3107 5913 3166 5960 ut
3190 5902 3325 5957 bene
3353 5898 3446 5955 tibi
3476 5896 3575 5960 sit;
3602 5902 3656 5947 et
3684 5892 3736 5945 in
3756 5903 3821 5944 eo
3845 5885 3988 5957 quod
4027 5884 4183 5940 times
4201 5922 4223 5949 ,

2644 6019 2751 6060 non
2772 6001 2855 6057 vis
2878 6008 2939 6056 ut
2958 5996 3100 6055 male
3126 5992 3220 6049 tibi
3242 5991 3313 6047 sit
3330 6006 3345 6047 ι
3364 5984 3461 6044 sed
3484 5998 3588 6040 non
3611 5982 3663 6036 in
3686 5994 3747 6035 ea
3769 5977 3985 6048 regione
4003 5972 4225 6046 queris,

2646 6099 2700 6155 in
2729 6110 2831 6168 qua
2859 6088 3204 6165 quaerendum
3233 6090 3338 6140 est.
3386 6076 3665 6140 Festinas3
3714 6086 3834 6129 nam
3860 6079 3916 6127 et
3936 6068 4055 6126 sine
4080 6064 4225 6124 indi·

2650 6189 2829 6265 gentiu
2854 6186 2935 6243 vis
2976 6194 3128 6240 esse.
3165 6186 3229 6233 et
3258 6174 3389 6230 sime
3418 6162 3974 6223 mox-esimxmwm
3992 6161 4097 6205 ese
4124 6145 4289 6211 xva-x
