5025 6925
875 701 981 758 (337

881 823 1135 879 scientiae.
1187 819 1332 876 Vidit
1392 833 1533 876 enim
1592 815 2061 873 contradictionem
2110 816 2162 869 in
2219 814 2450 868 civitate.

882 915 1125 970 caristus
1170 914 1334 968 venit.
1382 911 1512 980 Quis
1563 909 1838 972 christus,
1886 905 2248 962 contradicis?
2293 890 2456 959 Funus

883 1009 1002 1064 Dei.
1037 1006 1104 1062 Et
1149 1005 1309 1059 babet
1347 1005 1506 1058 filium
1546 1002 1683 1057 Deus
1706 1043 1720 1067 ,
1769 998 2134 1055 contradicis?
2170 997 2334 1052 Natus
2374 1006 2458 1050 est

883 1103 951 1160 de
974 1100 1199 1172 virgine,
1231 1112 1419 1168 passus
1439 1139 1454 1164 ,
1482 1095 1790 1151 resurrexit.
1822 1093 1890 1147 Et
1921 1091 2058 1148 unde
2100 1092 2199 1145 boc
2231 1089 2342 1144 iieri
2374 1103 2457 1157 po·

885 1205 1014 1262 test,
1071 1191 1437 1249 contradicis?
1493 1188 1720 1254 Attende
1767 1188 1958 1241 saltem
2011 1184 2244 1256 gloriam.
2284 1181 2457 1237 crucis

882 1288 1074 1358 ipsiuS.
1102 1284 1217 1340 Jam
1259 1283 1311 1337 in
1339 1281 1515 1336 fronte
1557 1295 1737 1349 regum
1768 1293 1896 1336 crux
1940 1277 2027 1330 illa
2061 1278 2162 1329 lixa
2209 1282 2330 1340 est,
2372 1274 2459 1328 cni

883 1379 1087 1435 inimici
1133 1375 1535 1432 insultaverunt.
1578 1373 1809 1428 Effectus
1849 1369 2091 1441 probavit
2117 1370 2134 1401 ¹
2162 1369 2410 1422 virtutem
2442 1383 2456 1420 ι

880 1471 1095 1528 domuit
1119 1470 1323 1533 orbem,
1359 1483 1465 1522 non
1496 1456 1661 1533 serm,
1703 1464 1798 1520 scd
1830 1464 1989 1534 ligno.
2034 1462 2258 1532 Lignum
2285 1460 2460 1515 crucis

882 1561 1220 1625 contumeliis
1248 1560 1460 1631 dignum
1487 1559 1656 1612 visum
1681 1565 1761 1611 est
1780 1555 2027 1621 inimiciS,
2057 1564 2111 1608 et
2137 1562 2259 1608 ante
2287 1553 2458 1621 ipsum

885 1655 1090 1728 lignum
1115 1662 1315 1710 stantes
1339 1659 1497 1721 caput
1515 1649 1800 1720 agitabant,
1823 1645 2136 1702 ctdicebant
2166 1663 2179 1699 ε
2213 1645 2273 1699 Si
2296 1643 2461 1696 Filius

883 1746 982 1802 Dei
1009 1756 1104 1810 est,
1136 1744 1400 1800 descendat
1429 1744 1492 1798 de
1516 1757 1663 1796 cruce
1687 1738 1897 1808 (Manli.
1927 1741 2089 1802 xxvn‘‚
2117 1736 2230 1806 40).
2264 1736 2462 1790 Exten-

883 1840 1046 1896 debat
1074 1839 1164 1894 ilie
1193 1847 1378 1891 manus
1417 1850 1539 1890 suas
1566 1832 1632 1889 ad
1659 1832 1907 1903 populum
1935 1846 2039 1884 non
2080 1829 2383 1884 credentem
2409 1835 2462 1880 et

883 1930 1359 1989 cmitradicentem.
1390 1925 1443 1982 Si
1474 1926 1613 1980 enim
1638 1924 1812 1995 justus
1855 1932 1966 1988 est,
1994 1921 2081 1991 qui
2112 1935 2178 1975 ex
2206 1918 2306 1973 {ide
2335 1918 2463 1971 vivit

884 2023 1063 2097 (Rani.
1088 2037 1128 2088 ι,
1163 2020 1273 2091 17),
1304 2018 1514 2087 iniquus
1542 2015 1732 2086 estqui
1764 2029 1869 2068 non
1901 2012 2060 2067 babet
2088 2011 2264 2067 iidem.
2308 2008 2459 2077 Quod

884 2129 1017 2187 ergo
1042 2113 1131 2168 bic
1154 2112 1247 2176 ait,
1282 2104 1613 2181 iniquitatem,
1649 2106 1922 2178 perfidiam
1957 2105 2210 2172 intelligo.
2238 2101 2463 2157 Videbat

885 2223 1018 2279 ergo
1048 2207 1300 2261 Dominus
1330 2204 1381 2257 in
1412 2201 1622 2257 civitate
1649 2199 1977 2269 iniquitatem
2009 2206 2062 2252 et
2085 2193 2462 2250 contradictio-

887 2316 1034 2364 nem,
1055 2307 1112 2354 et
1136 2295 1455 2359 extendebat
1483 2309 1671 2348 manns
1692 2308 1814 2346 suas
1842 2291 1910 2344 ad
1938 2290 2188 2361 populum
2215 2303 2317 2342 non
2345 2301 2462 2341 cre-

842 2421 850 2428 ·
885 2392 1109 2447 dentem
1138 2397 1193 2442 et
1218 2385 1700 2448 contradicentem;
1739 2392 1990 2438 ettamen
2017 2390 2071 2435 et
2097 2381 2239 2450 ipsos
2267 2395 2460 2448 exspe-

883 2493 1037 2536 ctaus
1061 2479 1271 2534 dicebat
1303 2496 1328 2555 ².
1346 2475 1521 2538 Pater.
1552 2477 1753 2546 ignosce
1781 2473 1904 2538 illis,
1934 2473 2051 2541 quia
2081 2472 2306 2526 nesciunt
2342 2471 2463 2539 quid

888 2573 1083 2645 seiciunt
1113 2569 1262 2640 (Luc.
1294 2583 1442 2631 xxiii,
1471 2566 1586 2635 54).
1613 2564 1799 2619 Adhuc
1818 2578 1947 2618 sane
1975 2562 2207 2631 reliquiae
2237 2563 2463 2617 saeviunt

893 2665 1038 2719 iilius
1087 2661 1313 2716 civitatis
1337 2701 1352 2722 ‚
1409 2657 1582 2712 adbuc
1618 2655 2006 2711 contradicunt.
2072 2654 2145 2708 De
2201 2650 2462 2707 frontibus

883 2756 1126 2810 (ιιιιιιὶιιιιι
1171 2752 1328 2807 modo
1357 2750 1591 2805 extendit
1625 2765 1811 2803 manus
1837 2747 1902 2801 ad
1932 2743 2184 2814 reliquias
2209 2759 2312 2799 non
2340 2759 2462 2798 cre·

882 2849 1076 2904 dentes
1109 2855 1164 2901 et
1187 2842 1632 2899 contradicentes.
1678 2840 1925 2906 Quoniam
1949 2835 2051 2890 vidi
2078 2837 2392 2906 iniquitatem
2415 2845 2464 2889 et

884 2942 1329 2994 contradictinuem
1351 2934 1404 2987 in
1429 2934 1646 2986 civitate.

855 3035 860 3042 '
952 3030 1048 3094 13.
1081 3030 1227 3102 [cers.
1265 3025 1371 3099 tt.]
1403 3025 1498 3080 Die
1539 3040 1598 3078 ac
1640 3032 1783 3078 nocte
1809 3019 2136 3075 circumdabit
2175 3035 2284 3072 eam
2313 3035 2466 3087 super

880 3137 1060 3182 tri-nra:
1097 3126 1205 3194 rjus
1233 3120 1464 3190 iniquitas
1492 3128 1538 3172 et
1562 3116 1721 3171 labor.
1757 3114 1923 3184 Super
1953 3130 2121 3167 muros
2146 3113 2276 3183 (.·Ῑιιε,
2304 3126 2465 3182 super

886 3214 1217 3278 munimenta
1261 3214 1394 3283 cJuS,
1427 3221 1613 3266 tenens
1655 3207 1807 3279 quasi
1847 3207 2017 3276 capita
2059 3204 2174 3274 ejus
2199 3246 2214 3270 ‚
2257 3204 2463 3259 nobiles

869 3311 1024 3383 {jun
1052 3311 1145 3367 [lie
1169 3307 1356 3363 nuliilis
1380 3305 1425 3360 si
1454 3303 1772 3359 christianus
1794 3307 1954 3362 esset,
1978 3313 2136 3353 nenio
2164 3313 2274 3352 retu
2280 3306 2466 3352 ancret

792 3472 796 3480 Υ
877 3419 1000 3479 pag
1006 3423 1145 3459 inn5
1173 3403 1488 3469 Plerumque
1509 3395 1688 3450 dicunt
1714 3391 1998 3447 homines
2024 3389 2099 3443 Ν(
2083 3405 2190 3443 mo
2217 3403 2463 3443 remane

793 3484 846 3589 Δι’
892 3507 968 3551 nl

1000 3515 1044 3563 p:
1048 3507 1253 3563 gantis,
1285 3495 1329 3543 5i
1359 3489 1447 3543 ille
1488 3496 1633 3542 esset
1668 3484 2006 3540 christianus,
2039 3481 2358 3551 Plerumque
2385 3480 2465 3535 di·

885 3587 1329 3645 cutttitotuines:
1362 3582 1428 3637 Et
1456 3580 1548 3634 ille
1589 3579 1632 3633 si
1675 3576 1824 3631 fieret
1851 3575 2197 3640 christianuS,
2226 3574 2344 3643 quis
2371 3589 2462 3630 re-

837 3671 842 3677 *
885 3686 1130 3737 titane-ret
1152 3673 1422 3746 paganus?
1446 3670 1597 3739 Quod
1614 3685 1740 3740 ergo
1761 3666 1992 3724 nondum
2019 3667 2149 3720 Ιίυιιι
2167 3664 2459 3734 christiani,

885 3772 1038 3844 quasi
1066 3769 1203 3825 muri
1227 3775 1351 3822 suut
1384 3764 1618 3820 civitatis
1647 3762 1789 3816 illius
1817 3776 1920 3815 uon
1951 3757 2222 3815 credentis
2252 3767 2307 3814 et
2331 3774 2461 3813 con-

887 3861 1217 3920 tradicentis.
1253 3856 1513 3923 Quamdiu
1545 3854 1628 3908 isti
1655 3853 1790 3907 muri
1816 3851 2072 3906 stabunt?
2098 3849 2214 3904 Non
2247 3864 2465 3918 semper

886 3956 1124 4013 stabunt.
1169 3950 1367 4008 Circuit
1395 3963 1517 4003 arca
1542 3961 1722 4000 muros
1750 3944 1963 3999 Jericbo
1995 3960 2008 3995 ι
2041 3941 2218 3995 veniet
2259 3950 2463 4009 tempus

885 4050 1118 4120 septimo
1160 4059 1297 4098 arcte
1325 4042 1569 4104 circuitu,
1611 4048 1671 4092 ut
1709 4052 1893 4091 omnes
1924 4034 2058 4088 muri
2086 4033 2315 4089 civitatis
2359 4047 2462 4087 non

885 4138 1158 4197 credentis
1181 4144 1236 4192 et
1263 4128 1674 4189 contradicentis
1696 4127 1887 4183 cadant
1916 4124 2097 4198 (Josue
2138 4140 2218 4187 vt,
2249 4123 2326 4193 5).
2357 4123 2462 4177 Do-

885 4247 985 4287 nec
1011 4232 1121 4296 liat,
1150 4227 1390 4299 turbatur
1416 4224 1515 4278 iste
1544 4222 1595 4275 in
1622 4218 2006 4278 exercitatione
2031 4229 2158 4281 sua;
2191 4223 2244 4269 et
2283 4210 2470 4284 perie-'

887 4340 1012 4381 rens
1036 4319 1288 4390 reliquias
1311 4313 1788 4373 contradicentium
1815 4350 1829 4374 ,
1876 4316 2024 4378 optat
2052 4321 2250 4378 pennas
2288 4306 2465 4362 avola-

886 4413 1069 4479 tionis,
1102 4418 1250 4481 optat
1273 4408 1504 4478 requiem
1536 4402 1752 4458 deserti.
1777 4400 1888 4455 lino
1907 4400 2061 4454 duret
2089 4398 2227 4452 inter
2251 4407 2464 4452 contra·

885 4506 1149 4568 dicenth
1179 4501 1408 4571 perierat
1448 4498 1636 4559 ruinas,
1669 4494 1816 4548 bibat
1840 4490 2120 4564 opprobria
2153 4531 2166 4551 ‚
2197 4498 2466 4558 exspectet

885 4600 975 4671 qui
1005 4611 1129 4653 eum
1155 4587 1369 4647 'salvum
1414 4588 1570 4644 saciat
1608 4603 1638 4641 a
1687 4583 2118 4655 pusillanimitate
2167 4590 2221 4634 et
2264 4588 2465 4649 tempe-

884 4700 1025 4747 state
1053 4708 1068 4745 ι
1102 4688 1367 4742 intueatur
1392 4690 1577 4750 caput,
1605 4677 1906 4746 exemplum
1938 4678 2060 4730 vitae
2085 4676 2105 4705 ¹
2134 4690 2242 4729 suae
2267 4713 2281 4738 ,
2325 4684 2466 4726 tran-

885 4783 1146 4854 quilletur
1172 4778 1224 4832 in
1255 4792 1373 4845 spe,
1404 4773 1504 4828 etsi
1538 4770 1669 4826 turb·
1673 4779 1777 4823 itur
1805 4768 1855 4821 iu
1882 4783 1958 4821 re.
1992 4766 2088 4819 Die
2113 4781 2172 4818 ae
2200 4774 2341 4817 nocte
2365 4764 2461 4817 cir-

884 4872 1142 4929 cumdabit
1190 4886 1301 4923 eant
1348 4883 1500 4936 super
1543 4880 1714 4916 muros
1752 4862 1860 4930 ejus
1904 4860 2176 4929 iniquitas,
2231 4867 2278 4910 et
2324 4856 2465 4909 tabor

882 4968 936 5022 ia
964 4964 1130 5019 medio
1161 4963 1269 5033 ejus
1296 4970 1342 5013 et
1371 4956 1638 5030 injustitia.
1671 4955 1709 5008 13
1716 4963 1734 5007 t
1760 4952 1877 5007 ideo
1906 4951 2054 5005 labor
2077 4949 2145 5001 ibi
2165 4949 2325 5017 ‚quia
2365 4947 2467 5001 ini·

881 5056 1059 5126 quitos
1085 5053 1204 5108 ibi·
1235 5052 1354 5121 quia
1387 5047 1640 5119 injustitia
1672 5046 1780 5108 ibi,
1820 5043 1939 5097 ideo
1965 5050 2018 5096 et
2043 5040 2193 5093 labor
2222 5038 2312 5091 ibi.
2357 5037 2461 5093 Sed

880 5148 1107 5203 audiant
1151 5142 1521 5200 extendentem
1573 5151 1760 5192 manus
1791 5152 1804 5189 2
1849 5132 2019 5187 Venite
2084 5130 2247 5182 adme
2292 5146 2464 5186 omues

879 5240 966 5309 qui
994 5236 1254 5291 laboratis.
1281 5233 1385 5287 Vos
1409 5229 1667 5293 clamatis,
1691 5243 1787 5280 vos
1808 5222 2190 5286 contradicitiS,
2219 5235 2311 5275 vos
2334 5236 2463 5276 con-

879 5327 1153 5384 viciamini
1182 5345 1198 5381 ι
1230 5326 1318 5380 iile
1340 5341 1368 5378 e
1391 5332 1597 5385 contra,
1635 5319 1806 5373 Venite
1832 5316 1898 5368 ati
1927 5330 2004 5368 nee
2025 5330 2195 5367 omnes
2215 5314 2299 5383 qui
2319 5313 2461 5367 inbo-

878 5422 1008 5474 ratis
1038 5420 1091 5473 in
1117 5415 1366 5485 superbia
1394 5423 1567 5467 vestra
1589 5451 1604 5476 ,
1636 5421 1688 5464 et
1716 5404 2054 5477 requiescetis
2081 5404 2133 5457 in
2161 5403 2461 5459 hutnilitate

879 5529 1026 5568 tinea.
1060 5509 1249 5564 Discite
1276 5525 1307 5561 a
1337 5523 1414 5559 me
1436 5547 1450 5569 ‚
1479 5503 1644 5572 inquit
1671 5542 1685 5567 ,
1722 5500 1837 5568 qnia
1863 5498 1996 5549 mitis
2034 5513 2145 5549 sunt
2185 5505 2230 5549 et
2257 5495 2461 5549 [uincitis

875 5605 1052 5666 carde,
1084 5611 1130 5657 et
1173 5599 1431 5655 invenietis
1472 5596 1688 5665 requievit
1730 5591 1991 5645 animabus
2025 5590 2196 5643 vestris
2247 5587 2458 5658 (Manli.

878 5714 952 5759 u,
978 5695 1054 5750 28
1078 5736 1095 5762 ,
1119 5692 1238 5765 29).
1268 5691 1420 5747 Unde
1445 5689 1586 5743 enim
1614 5687 1686 5739 iili
1736 5682 1973 5737 laborant
1997 5723 2012 5746 ‚
2056 5681 2156 5734 nisi
2201 5680 2322 5749 quia
2355 5696 2457 5734 non

874 5796 1006 5843 sunt
1033 5787 1190 5840 mites
1210 5795 1263 5839 et
1287 5781 1511 5835 humiles
1537 5776 1738 5832 corde?
1765 5774 1904 5829 Deus
1930 5771 2143 5826 humilis
2169 5771 2336 5827 sactus
2355 5779 2455 5837 est,

873 5882 1161 5938 erubescat
1187 5877 1348 5934 hoino
1374 5889 1492 5929 esse
1517 5872 1797 5940 superbus.

954 5976 1037 6029 tt.
1071 5971 1218 6047 [vers.
1252 5968 1365 6040 19..)
1400 5966 1517 6019 Non
1547 5964 1725 6032 defecit
1773 5961 1834 6013 de
1869 5960 2047 6030 plateis
2091 5959 2383 6029 ejus-usura
2412 5965 2457 6009 et

941 6131 956 6159 ¹
995 6135 1176 6173 ‹ntines
1196 6120 1302 6171 sere
1325 6126 1451 6170 1155..
1475 6113 1656 6179 fimetis·
1685 6113 1828 6175 proba
1855 6125 1920 6161 tu
1925 6117 2084 6161 tutent

939 6191 959 6220 ¹
996 6190 1059 6241 ti
1062 6191 1367 6249 Νῆα-3355,
1395 6194 1495 6229 tut.

1950 696 2360 776 *ansanum
2397 694 2460 749 tx
2501 696 2814 755 rsanatun
2856 699 2983 755 mv.

4023 696 4125 755 058

2562 814 2727 869 dolus.
2759 815 2927 872 lisura
2955 829 3007 873 et
3037 817 3191 873 dolus
3218 836 3321 874 non
3360 823 3752 882 absconduntur
3780 830 3964 887 saltent
4004 839 4124 904 quia

2563 907 2699 961 mala
2724 918 2863 973 sunt,
2894 910 2988 965 sed
3027 912 3233 978 publice
3257 916 3505 971 sscviunt.
3537 919 3738 974 Etenim
3764 925 3850 992 qui
3890 926 3941 979 in
3966 927 4129 985 dunno

2562 995 2757 1069 aliquid
2784 1000 2906 1054 mali
2936 1000 3080 1070 facit,
3111 1005 3196 1059 vel
3217 1005 3281 1061 de
3311 1024 3375 1059 in:
3379 1007 3448 1062 ilo
3470 1024 3567 1064 suo
3586 1013 3894 1073 erubescit:
3926 1017 3989 1073 111
4015 1023 4129 1084 pta-

2564 1089 2653 1142 teis
2679 1092 2788 1160 ejus
2813 1108 2966 1146 usura
2994 1105 3040 1147 et
3062 1095 3227 1150 dolus.
3257 1098 3432 1155 Fenus
3459 1112 3513 1156 ct
3540 1103 3918 1173 professionem
3950 1111 4128 1180 habet,

2564 1179 2716 1234 fenus
2743 1191 2797 1235 et
2820 1197 2907 1237 ars
2942 1197 3198 1244 vocatur:
3236 1205 3430 1260 corpus
3465 1194 3696 1262 dicitur,
3744 1214 3936 1271 corpus
3978 1206 4129 1275 quasi

2566 1274 2926 1329 necessarium
2952 1276 3191 1345 civitati,
3220 1290 3274 1334 et
3314 1282 3380 1336 de
3405 1283 3736 1354 professione
3774 1307 3868 1347 sua
3907 1297 4130 1366 vectigal

2566 1363 2869 1435 impendit.
2898 1384 3064 1439 usque
3087 1371 3253 1426 adeo
3240 1389 3291 1427 in
3323 1375 3495 1443 platea
3521 1388 3602 1432 est
3627 1381 3766 1448 quod
3797 1386 3981 1440 saltem
4009 1390 4130 1442 abs·

2565 1454 2897 1510 condendum
2924 1467 3057 1512 erat.
3086 1459 3181 1514 Est
3200 1462 3368 1515 ctaiia
3400 1480 3558 1519 usura
3593 1469 3760 1538 pejor,
3788 1477 3997 1542 quando
4026 1493 4128 1533 non

2564 1547 2782 1602 dimittis
2809 1550 2949 1618 quod
2981 1551 3070 1605 tibi
3105 1551 3360 1618 debetur;
3403 1567 3457 1610 et
3484 1562 3721 1615 tut-batur
3742 1566 3924 1620 oculus
3960 1567 4011 1621 iu
4045 1569 4135 1624 illo

2564 1655 2719 1694 versu
2741 1643 3015 1710 orationis,
3039 1645 3245 1700 Dimitte
3262 1648 3402 1703 nobis
3427 1648 3589 1706 debita
3615 1664 3801 1709 nostra.
3829 1657 3964 1725 Quid
3990 1661 4132 1716 enim

2565 1731 2636 1784 ibi
2662 1731 2892 1788 facturus
2921 1749 2999 1802 es,
3027 1737 3239 1806 quando
3272 1749 3517 1796 oraturus
3545 1758 3604 1798 es
3631 1755 3685 1800 et
3721 1746 3787 1801 ad
3812 1748 3981 1818 ipsum
4011 1769 4132 1808 ver·

2564 1839 2681 1878 sum
2719 1828 3011 1881 venturus?
3044 1828 3269 1885 Verbum
3310 1835 3749 1893 contumeliosum
3788 1842 4025 1898 audisti:
4055 1846 4135 1900 vis

2564 1916 2776 1986 exigere
2820 1917 3173 1975 damnationis
3218 1925 3554 1993 supplicium.
3603 1929 3694 1984 Vel
3740 1940 3939 1988 tantum
3982 1937 4135 2008 exige
4193 1905 4213 1926 κ

2564 2017 2817 2074 quatuum
2848 2007 3080 2072 dedisti,
3122 2013 3385 2069 fenerator
3425 2016 3755 2084 injutiarum.
3802 2021 3982 2094 Pugno
4009 2043 4134 2096 per-

2565 2111 2751 2152 cussus
2784 2113 2869 2162 eS‚
2911 2101 3326 2159 intersectionem
3364 2109 3573 2174 «planis,
3608 2110 3776 2167 Usura
3817 2116 3974 2170 mala.
4020 2119 4136 2186 Qua

2565 2186 2748 2291 iturus.
2782 2205 2841 2246 es
2892 2192 2943 2246 in
2996 2195 3332 2251 orationem?
3383 2198 3437 2253 Si
3486 2202 3762 2272 reliqueris
3814 2209 4130 2277 orationem,

2565 2293 2666 2347 qua
2704 2281 3074 2336 circumiturus
3112 2299 3170 2340 es
3207 2286 3272 2339 ad
3305 2288 3621 2344 Dominum?
3646 2293 3783 2350 Ecce
3810 2295 3955 2353 dices
3987 2317 3999 2352 :
4034 2299 4136 2355 Pu-

2570 2381 2644 2424 eer
2671 2382 2838 2426 noster
2855 2414 2869 2437 ,
2901 2374 2988 2443 qui
3012 2393 3063 2430 es
3090 2376 3141 2431 iu
3168 2379 3303 2433 coeiis
3335 2395 3353 2433 .·
3377 2384 3714 2452 sanctificetur
3758 2404 3938 2444 nomen
3974 2402 4132 2448 tuum.

2576 2462 2752 2518 Veniat
2773 2482 2981 2536 requam
3007 2477 3168 2522 tuum.
3209 2468 3329 2523 Fiat
3353 2473 3580 2527 voluntas
3603 2489 3689 2529 tua
3710 2519 3725 2543 ‚
3763 2482 3893 2533 sicut
3932 2484 3984 2536 in
4012 2486 4136 2540 coelo
4163 2461 4173 2480 ⁸

2566 2564 2610 2610 et
2652 2556 2705 2609 in
2750 2567 2901 2611 terra.
2946 2559 3141 2614 Dices:
3176 2559 3391 2616 Panem.
3415 2574 3637 2620 nostrum
3684 2571 4027 2640 quotidianum
4070 2578 4137 2632 da

2565 2650 2706 2702 nobis
2734 2650 2898 2703 hodie.
2925 2650 3113 2707 Venies
3138 2654 3224 2720 ad,
3247 2654 3448 2710 Dimitte
3476 2658 3616 2713 nobis
3639 2661 3802 2716 debita
3826 2674 4014 2732 nostra,
4038 2670 4137 2723 sic-

2565 2751 2617 2792 ut
2633 2752 2676 2794 et
2693 2757 2783 2794 uos
2799 2743 3090 2799 dimittimus
3110 2745 3414 2801 debitoribus
3434 2752 3617 2804 nostris
3638 2745 3848 2825 (natm.
3864 2773 3935 2825 vt,
3954 2759 4014 2815 9-
3996 2761 4135 2831 -.12)

2571 2830 2700 2886 Vel
2689 2848 2740 2886 in
2770 2832 2982 2888 civitate
3003 2835 3091 2889 illa
3124 2836 3259 2890 mala
3284 2838 3553 2894 abundent
3572 2857 3747 2898 usurae
3771 2846 3905 2910 istut,
3932 2865 4035 2905 non
4057 2852 4136 2906 in-

2570 2929 2711 2975 trent
2740 2923 2969 2992 parietes
3005 2925 3133 2979 istos
3160 2926 3243 2981 ubi
3272 2937 3457 2997 pectus
3494 2932 3746 2988 tunditur.
3776 2936 3912 3002 Quid
3943 2939 4133 3010 iacies,

2566 3016 2685 3086 quia
2719 3018 2785 3071 ibi
2826 3026 2877 3073 tu
2903 3028 2957 3074 et
2986 3021 3073 3076 ille
3099 3038 3282 3078 versus
3323 3024 3374 3078 in
3403 3014 3578 3082 inedio
3603 3030 3775 3085 estis?
3813 3033 4003 3091 Preces
4043 3040 4142 3095 tibi

2566 3113 2862 3180 composuit
2886 3114 3117 3169 coelestis
3140 3115 3476 3185 jurisperitus
3503 3118 3623 3190 (a):
3652 3123 3740 3192 qui
3767 3136 3987 3182 noverat
4010 3132 4132 3200 quid

2568 3203 2637 3257 ibi
2667 3214 2942 3276 ageretur,
2980 3206 3053 3260 ait
3094 3207 3216 3274 tibi,
3277 3209 3441 3265 Aliter
3484 3227 3587 3266 non
3629 3214 3952 3284 impetrabis.
3980 3224 4137 3277 Amen

2565 3295 2697 3348 enim
2723 3295 2833 3348 dico
2862 3296 3016 3362 vobis,
3044 3298 3161 3366 quia
3186 3298 3231 3352 si
3268 3299 3555 3357 dimiseritis
3576 3316 3779 3375 peccata
3814 3310 4097 3368 hominibus
4118 3355 4135 3381 ,

2566 3388 2875 3444 dimittentur
2930 3391 3105 3456 vobis;
3157 3393 3201 3446 si
3257 3403 3423 3447 autent
3466 3413 3564 3450 uon
3598 3398 3887 3456 dimiseritis
3937 3412 4138 3475 peccaui

2567 3483 2847 3538 hominibus
2869 3528 2883 3550 ‚
2928 3501 3084 3555 neque
3126 3484 3282 3541 Pater
3329 3500 3486 3544 vester
3523 3491 3734 3546 dintittee
3777 3496 3912 3551 vobis
3949 3498 4136 3568 (Ibid.‚

2567 3578 2807 3644 it‚15).
2836 3576 2966 3643 Quis
3014 3579 3114 3633 boc
3160 3577 3452 3648 dicit?Qni
3492 3584 3593 3637 scit
3637 3585 3760 3653 quid
3812 3586 3881 3642 ibi
3930 3602 4134 3660 agatur,

2564 3668 2704 3739 quod
2753 3678 2805 3723 tu
2850 3669 3063 3723 adstans
3104 3672 3258 3740 petis.
3303 3670 3435 3727 vide
3482 3674 3623 3743 quod
3665 3677 3985 3735 voluit-esse
4026 3681 4140 3751 ipso

2564 3759 2850 3816 advocatus
2881 3770 2999 3816 tuns
3031 3779 3045 3816 :
3077 3762 3189 3832 ipse
3211 3762 3549 3833 jurisperitus
3589 3775 3727 3834 tuus,
3760 3770 3875 3840 ipse
3900 3787 4140 3831 assessor

2563 3850 2773 3919 Patris,
2827 3853 2940 3921 ipse
2975 3852 3135 3923 judex
3181 3862 3303 3908 tuus
3330 3856 3500 3923 dixit,
3531 3859 3695 3914 Aliter
3740 3877 3844 3916 non
3888 3866 4135 3934 accipies.

2564 3942 2699 4009 Quid
2741 3941 2977 3997 facturus
3010 3957 3069 3998 es
3088 3944 3111 3996 :²
3132 3942 3254 4011 Non
3285 3959 3597 4014 accepturus
3615 3990 3630 4013 ,
3657 3950 3702 4003 si
3731 3966 3834 4005 non
3861 3952 4095 4010 dicturus
4119 3974 4134 4020 ;

2566 4052 2674 4091 non
2702 4043 3052 4104 accepturus,
3084 4036 3128 4089 si
3161 4037 3349 4090 falsum
3376 4038 3634 4094 dicturus.
3667 4040 3810 4111 Ergo
3835 4053 3928 4099 aut
3969 4044 4138 4101 factu-

2564 4142 2657 4181 rus
2682 4124 3031 4191 etdicturuS,
3073 4136 3163 4179 aut
3206 4126 3344 4195 qnod
3385 4130 3520 4198 petis
3568 4146 3675 4185 non
3713 4136 4134 4202 promeriturus:

2564 4218 2688 4287 quia
2730 4218 2819 4287 qui
2859 4218 2959 4272 boc
2987 4233 3091 4272 non
3123 4217 3321 4273 faciunt
3343 4261 3357 4283 ‚
3401 4221 3453 4275 in
3483 4223 3656 4277 usuris
3682 4224 3783 4281 illis
3811 4238 3934 4281 sunt
3962 4230 4134 4285 malis.

2565 4408 2717 4464 runt;
2748 4399 2851 4453 {ioli
2883 4410 2957 4463 tu,
2985 4401 3129 4469 plebs
3156 4402 3268 4467 Dei,
3298 4403 3425 4468 noli,
3455 4403 3602 4473 plebs
3625 4406 3844 4476 Christi,
3871 4413 3997 4475 noli,
4020 4428 4138 4469 cor-

2567 4504 2664 4559 pus
2708 4488 2847 4544 illius
2889 4490 3102 4559 capitis.
3144 4492 3373 4547 Attende
3404 4494 3666 4551 vinculum
3695 4501 3839 4566 pacis
3870 4511 4005 4568 tuae,
4054 4512 4137 4558 at·-

2568 4582 2725 4639 tende
2758 4584 3074 4653 promissum
3104 4585 3224 4639 vitae
3251 4595 3374 4641 tute.
3418 4586 3554 4657 Quid
3581 4592 3724 4646 enim
3749 4593 3844 4649 tibi
3889 4596 4135 4665 prodest,

2564 4674 2687 4745 quia
2725 4675 2891 4745 exigis
2918 4676 3135 4746 injurias
3163 4693 3293 4747 quas
3326 4681 3635 4747 pertulisti?
3676 4683 3813 4740 Ultio
3845 4696 3895 4741 te
3925 4688 4139 4743 reiicit?
4176 4710 4185 4717 ·
4224 4664 4229 4669 ’

2566 4767 2706 4839 Ergo
2746 4768 2813 4823 de
2849 4769 2989 4825 malo
3022 4769 3195 4823 alieno
3232 4771 3525 4841 gaubebis?
3561 4773 3755 4830 Passus
3799 4791 3859 4832 es
3897 4778 4092 4833 tualum
4118 4820 4136 4845 ,

2567 4862 2814 4930 ignoscc;
2847 4877 2911 4915 ne
2937 4861 3040 4936 duo
3071 4860 3143 4935 (b)
3165 4863 3298 4916 sitis.
3324 4862 3389 4916 Et
3417 4881 3517 4918 non
3543 4865 3724 4935 defecit
3748 4866 3811 4920 de
3833 4866 4011 4939 plateis
4030 4870 4139 4942 ejus

2565 4968 2721 5007 usura
2742 4962 2785 5007 et
2813 4952 2980 5006 dolus.

2608 5046 2724 5099 15.
2755 5043 2901 5117 [vers.
2934 5044 3147 5118 15-15.]
3181 5046 3300 5100 idco
3329 5063 3456 5117 ergo
3496 5057 3549 5102 tu
3592 5051 3869 5118 quaerebas
3895 5054 4138 5112 solitudi-

2567 5151 2687 5189 nem
2713 5146 2767 5190 et
2798 5151 3015 5205 pennas,
3046 5135 3167 5193 ideo
3192 5154 3513 5205 murmuras,
3541 5139 3654 5194 lucc
3681 5140 3820 5197 ferre
3840 5160 3944 5198 non
3965 5158 4133 5215 poteS,

2565 5227 3035 5283 contradictionem
3076 5238 3130 5283 et
3173 5229 3498 5299 iniquitatem
3542 5233 3768 5288 civitatis
3810 5234 3982 5306 liujus.
4033 5239 4138 5294 Re-

2566 5321 2778 5391 quiesee
2802 5322 2855 5373 in
2886 5320 2966 5375 bis
2996 5321 3083 5390 qui
3114 5331 3286 5375 tecum
3314 5322 3452 5375 intus
3490 5333 3615 5377 suut
3634 5364 3648 5388 ‚
3682 5337 3735 5380 ct
3765 5327 3869 5381 noli
3900 5345 4137 5397 quaerere

2519 5470 2533 5486 ‚
2565 5414 2918 5469 solitudinem.
2969 5413 3103 5468 Audi
3132 5423 3187 5466 et
3228 5414 3294 5468 de
3331 5413 3460 5483 ipsis
3500 5417 3623 5485 quid
3668 5417 3841 5487 dicat,
3889 5420 4135 5486 Quoniam

2562 5508 2606 5561 si
2632 5506 2861 5560 inimicus
2885 5506 3229 5574 exprobrasset
3258 5507 3399 5560 milti.
3428 5507 3493 5562 Et
3514 5510 3722 5579 quidem
3751 5516 3993 5582 superius
4012 5530 4134 5568 con-

2565 5598 2804 5650 turbatus
2832 5607 2945 5651 erat
2970 5597 3020 5650 in
3053 5598 3431 5655 exercitatione
3457 5614 3551 5655 sua
3578 5616 3608 5654 a
3639 5618 3768 5658 voce
3805 5605 3999 5659 inimici
4029 5615 4082 5659 et
4106 5623 4133 5660 a

2566 5687 2904 5742 tribulatione
2930 5689 3251 5757 peccatoris,
3296 5689 3431 5746 sorte
3474 5692 3523 5745 iu
3555 5692 3642 5746 itta
3669 5694 3881 5750 civitate
3910 5698 4129 5766 positus,

2564 5779 2788 5847 superba
2821 5778 2907 5832 illa
2951 5780 3184 5849 erigente
3224 5792 3419 5835 turrem
3462 5798 3578 5851 qna:
3623 5785 3891 5839 submersa
3920 5798 4002 5840 est
4033 5787 4047 5816 ¹
4079 5798 4128 5840 ut

2563 5870 2925 5927 dividerentur
2952 5887 3135 5927 eorum
3180 5873 3368 5942 lingua}
3397 5864 3543 5931 (Gen.
3577 5892 3659 5939 xi,
3690 5880 3785 5945 t):
3812 5879 4062 5931 attende
4052 5895 4129 5931 tu·

2628 5979 2813 6038 ¹edd..
2838 5978 3074 6030 subversa.
3124 5989 3177 6031 Αι
3214 5990 3337 6041 355,
3378 5982 3639 6033 5ιιϋηιει·.5(ι
3670 5982 3841 6034 alludit
3873 5984 3930 6033 ad
3969 5987 4015 6044 t.
4060 5988 4130 6048 10.

2562 6041 2830 6106 subnterqe,
2856 6052 2949 6091 etc.

2628 6104 2700 6175 (a)
2737 6105 2837 6152 tid.
2863 6111 3015 6153 tract.
3038 6105 3067 6152 'i'
3095 6107 3335 6169 int-'sang
3363 6114 3514 6157 ...toan
3542 6120 3588 6154 u.
3618 6107 3685 6155 11.

2628 6166 2689 6227 (i
2678 6181 2698 6229 J
2734 6167 2960 6226 subaud„
2980 6167 3110 6216 nutu.
