5025 6925
489 705 542 761 917

492 814 567 881 ιιιίΙιί,
578 810 784 883 segregationem
804 818 888 861 meam
901 777 1119 874 n'poceuortbns.
1135 801 1197 856 Esto
1212 799 1273 853 ntilri

490 909 516 960 in
532 904 612 959 Deum
628 909 791 972 protectorem
811 888 967 965 :p'rutector
988 894 1058 949 Deus
1077 892 1141 947 mibi
1155 900 1222 948 esto.
1238 888 1273 944 Et

424 1059 427 1064 .
490 1001 516 1051 in
529 996 630 1048 doment
643 990 750 1061 resupii.
766 998 793 1041 ut
807 989 903 1042 sulcum
928 1003 967 1041 nte
989 985 1067 1055 [otim
1082 992 1128 1040 :et
1148 972 1299 1053 tauquam

495 1087 593 1149 lortius,
607 1098 660 1152 qrro
673 1079 805 1150 refugiens
815 1079 902 1133 sulvus
915 1078 987 1130 dam.

525 1176 552 1231 l.
568 1172 655 1248 [oms.
666 1171 705 1244 l.]
727 1171 793 1236 Quin
810 1170 930 1239 fortitudo
945 1177 1030 1222 meoet
1052 1168 1176 1238 resupinet
1191 1180 1273 1221 meum

493 1285 516 1325 ts
534 1277 562 1321 tu
576 1280 588 1321 .·
600 1266 660 1336 quie
674 1264 798 1319 lentitudo
813 1278 871 1317 mea
881 1262 913 1315 ad
926 1259 1076 1316 tolerandos
1090 1267 1273 1330 persecutores
1290 1307 1293 1315 t

492 1373 574 1427 meos,
585 1369 612 1413 et
625 1356 752 1426 refugium
767 1370 852 1409 meum
865 1354 897 1408 ad
913 1351 1097 1423 relinquendos
1116 1362 1143 1407 tu
1157 1351 1272 1407 mihies.

493 1450 523 1504 Et
538 1461 638 1521 propter
658 1463 746 1502 nomen
760 1456 828 1499 tuom
849 1446 901 1498 due
913 1445 972 1497 tnt'lri
986 1444 1043 1510 eris,
1057 1453 1080 1498 et
1095 1444 1202 1498 enutries
1215 1458 1273 1497 me:

490 1550 517 1596 ιι
528 1549 556 1595 ιιι
569 1554 615 1609 per
627 1554 669 1593 nte
682 1540 831 1592 innotescas
843 1535 966 1603 onttribus
977 1524 1111 1606 gentibus,
1124 1549 1170 1603 per
1184 1535 1273 1588 omnia

491 1646 586 1702 sequor
598 1630 759 1683 voluntatem
774 1635 855 1692 tuam,
872 1636 898 1681 et
909 1625 1032 1695 paulatim
1046 1624 1110 1678 milti
1128 1624 1275 1693 aggregatis

492 1724 591 1777 satietis
600 1719 757 1790 adimplebis
771 1732 868 1788 eorpus
881 1731 979 1783 meurn,
993 1724 1020 1770 et
1034 1713 1177 1785 perfectam
1189 1721 1274 1770 statu·

491 1831 547 1871 rarn
558 1830 655 1869 meunt.

526 1907 553 1961 5.
569 1904 656 1977 [ocrs.
670 1904 696 1958 5.
712 1900 833 1975 ]Eoluees
847 1916 886 1954 me
899 1897 931 1953 de
956 1896 1097 1968 neuscipulo
1121 1897 1180 1962 isto,
1195 1910 1272 1965 quom

490 1994 767 2054 occultaveruntmilti:
786 1991 882 2046 educes
901 2004 944 2045 nte
962 1988 995 2044 de
1010 1987 1112 2043 insidiis
1125 1987 1192 2054 istis,
1210 2001 1276 2057 quas

490 2087 687 2142 occultaverunt
699 2082 774 2138 milri.
790 2082 915 2147 Quoniam
937 2089 963 2143 tu
975 2095 1001 2134 es
1015 2069 1139 2149 protector
1160 2094 1239 2132 meus.

527 2179 553 2233 6.
569 2175 656 2249 [uere.
683 2172 779 2247 6.]1ι
803 2190 892 2228 monus
915 2181 971 2228 tuos
993 2169 1139 2225 continendo
1160 2169 1277 2240 spiritum

491 2284 572 2322 meum
585 2284 595 2322 .·
608 2266 729 2337 potestati
744 2274 795 2319 tum
805 2262 961 2319 commendo
971 2262 1093 2333 spirltum
1110 2276 1209 2328 meum,
1223 2262 1277 2316 cito

491 2366 654 2427 recepturus.
671 2355 865 2421 meduanum,
886 2351 991 2407 Domine
1016 2351 1085 2406 Deus
1097 2351 1218 2405 ocritotis.
1231 2350 1276 2405 Di·

491 2461 534 2506 eat
547 2460 574 2506 et
585 2450 695 2520 noptulus
708 2447 861 2515 redemptus
870 2446 995 2516 passione
1009 2443 1113 2499 Domini
1122 2442 1173 2505 sui,
1188 2452 1215 2497 et
1230 2442 1275 2496 lm·

492 2553 535 2597 tus
548 2539 736 2597 clarificatione
758 2537 851 2608 eapitis
863 2536 904 2590 sui
920 2553 927 2589 ε
944 2533 1081 2590 liederristi
1104 2550 1154 2597 me.
1171 2533 1278 2588 Domine

492 2632 561 2688 Deus
574 2631 694 2685 ueritatis.
901 2655 917 2688 0
962 2635 965 2644 ‘

527 2726 553 2779 t.
567 2723 578 2798 [
590 2740 654 2777 ress.
669 2721 695 2776 t.
710 2719 721 2794 ]
737 2719 817 2775 Odisti
831 2719 986 2774 obsecrantes
1007 2718 1140 2772 uanitatem
1159 2731 1277 2788 superre-

491 2833 537 2871 cue
552 2814 650 2869 :odisti
664 2812 835 2867 observantes
850 2811 859 2842 ¹
873 2809 964 2864 lalsam
974 2807 1160 2863 beatitudinem
1175 2805 1275 2862 seculi.

492 2906 547 2980 Epo
559 2916 640 2960 eutem
650 2907 676 2957 in
692 2900 913 2972 Dominoeperoui.

526 2998 552 3054 8.
566 2996 649 3069 [uere.
664 2993 702 3069 8].
717 2991 869 3055 Exsultolm
883 2998 907 3045 et
914 2989 1075 3063 jucundabor
1086 2989 1113 3043 in
1127 2998 1171 3043 tuo
1182 2986 1279 3042 nuceti-

491 3087 670 3157 cordiorquae
682 3100 726 3139 tue
740 3097 791 3138 non
808 3074 884 3136 fallit.
911 3079 978 3149 Quin
1005 3079 1136 3148 respexisti
1148 3077 1278 3132 luntilito-

493 3188 541 3234 tenr
555 3194 633 3232 meum
645 3191 716 3247 :qna
728 3189 771 3230 me
783 3173 889 3228 ranimti
901 3172 929 3226 in
942 3184 989 3241 spe
1011 3169 1156 3241 subjecisti.
1174 3169 1279 3226 Saluum

492 3270 571 3343 fecisti
586 3269 617 3323 de
628 3266 812 3322 necessitutibus
823 3264 933 3318 unimam
947 3279 1028 3317 meum
1044 3278 1053 3318 :
1067 3262 1166 3317 salvant
1193 3261 1279 3319 iecisti

492 3359 526 3415 de
540 3358 741 3414 necessitatibus
753 3355 854 3410 timoris
867 3355 981 3409 animam
1001 3368 1097 3419 meam,
1113 3362 1142 3408 ut
1156 3352 1202 3409 tibi
1215 3352 1279 3409 elta,

493 3450 570 3507 ritate
584 3446 664 3505 libera
674 3448 780 3504 serviat.

529 3541 555 3597 9.
570 3539 654 3615 [roes.
669 3539 696 3596 9.
713 3537 723 3612 J
739 3537 795 3593 Nee
818 3537 961 3593 conclusisti
971 3553 1011 3592 nte
1023 3537 1050 3591 in
1064 3554 1153 3593 monus
1166 3537 1262 3592 inimici
1270 3553 1280 3594 .·

494 3650 543 3693 nee
554 3632 709 3690 conclusisti
724 3647 776 3700 me,
788 3640 815 3686 ut
829 3647 880 3685 non
895 3631 1019 3687 haberem
1032 3630 1131 3686 aditum
1145 3630 1280 3701 respiren-

493 3729 520 3785 di
532 3729 557 3784 in
571 3727 731 3790 libertatem,
747 3734 775 3781 et
789 3723 868 3779 darer
880 3723 906 3778 in
921 3724 1109 3794 sempiternam
1121 3733 1278 3794 potestatem

494 3818 603 3883 cralton,
617 3816 760 3886 cupiditate
782 3816 861 3884 ltttjtts
873 3806 935 3870 ritae
959 3815 1133 3885 illaqueantis,
1148 3823 1176 3869 et
1195 3825 1280 3871 morte

496 3908 629 3964 terrentis.
642 3905 759 3962 Stotuisti
771 3905 797 3959 in
815 3905 870 3959 loco
882 3904 992 3974 spetioso
1004 3905 1079 3976 pedes
1094 3920 1179 3959 nteos:
1192 3920 1281 3960 resur-

495 4001 612 4056 reetione
624 3999 728 4070 cognita
751 3998 854 4053 Domini
871 3996 924 4053 ntei
947 4007 974 4053 et
985 4013 1042 4054 mea
1063 3998 1191 4066 promissa
1203 3998 1279 4068 ntilri,

495 4091 624 4162 spatietur
637 4104 795 4160 permanens
814 4089 840 4142 ln
859 4088 1022 4144 latitudinem
1048 4088 1178 4144 libertatis
1186 4089 1220 4145 nb
1232 4104 1279 4144 au·

495 4181 589 4252 gristiis
597 4180 697 4235 timoris
710 4179 802 4235 educta
815 4179 1007 4235 ebaritasmea.

531 4275 574 4330 16.
588 4272 673 4347 [uere.
689 4271 746 4346 tu]
762 4272 882 4329 lliserere
893 4275 951 4342 ιιιὶ,
966 4272 1084 4341 Domine,
1103 4273 1222 4344 eueniant
1236 4274 1282 4330 tri·

497 4365 579 4418 lutor.
593 4361 646 4418 Sed
660 4378 719 4432 quas
731 4372 772 4417 est
783 4363 832 4418 ista
846 4364 978 4434 insperata
993 4365 1204 4434 persequentium
1220 4380 1282 4422 eru-

497 4454 601 4516 delitas,
617 4468 741 4523 magnum
764 4454 827 4508 milri
850 4468 974 4524 pauorem
991 4455 1142 4510 incutiens?
1163 4454 1283 4510 llirerem

499 4544 557 4608 mei,
578 4541 694 4596 Domine.
708 4541 764 4596 Non
779 4543 848 4597 cnint
858 4544 891 4599 de
906 4545 1053 4614 mortejam
1063 4556 1173 4611 terreor,
1189 4545 1236 4600 sed
1248 4546 1283 4601 de

498 4634 657 4692 cruciatibus
679 4643 758 4702 etque
778 4625 923 4690 tormentis.
943 4635 1109 4691 Conturlutus
1134 4645 1170 4689 est
1194 4635 1220 4689 in
1243 4635 1282 4690 iro

499 4727 586 4782 oculus
599 4741 668 4778 uncus
684 4740 693 4778 :
712 4724 839 4778 imbeiam
864 4727 969 4781 oculum
995 4729 1021 4782 iu
1046 4737 1081 4792 te,
1096 4743 1148 4799 quo
1163 4741 1215 4782 nun
1238 4743 1282 4784 me

500 4819 637 4875 desereres
648 4833 655 4881 ;
681 4817 764 4872 iratus
782 4825 855 4881 eset
867 4821 1029 4875 conturbasti
1043 4820 1215 4877 eum.1lnimn
1227 4837 1284 4876 nteo

502 4919 525 4965 et
538 4919 621 4965 uenter
634 4924 702 4968 orcus
714 4923 723 4962 :
735 4908 764 4962 in
788 4907 892 4963 eadem
909 4909 947 4964 ira
965 4910 1120 4967 conturbata
1131 4911 1181 4968 'est
1194 4913 1282 4967 anima

501 5016 570 5066 mea,
582 4999 608 5056 et
622 5001 748 5056 memoria
778 5014 828 5070 qua
853 5000 974 5056 tenebam
988 5003 1049 5071 qnid
1063 5018 1110 5073 pro
1135 5019 1177 5061 me
1192 5013 1283 5074 pertu-

503 5093 572 5157 lerit,
586 5101 611 5146 et
626 5089 687 5161 quaid
703 5091 766 5144 milri
779 5091 929 5161 promiserit
941 5091 1010 5147 Deus
1021 5109 1104 5150 meus.

537 5183 581 5238 ll.
592 5178 603 5254 [
615 5197 680 5244 rere.
698 5181 739 5235 ll.
751 5179 762 5254 ]
778 5179 902 5246 Quoniam
914 5182 1003 5253 defecit
1013 5183 1039 5237 ln
1053 5183 1139 5238 dolore
1150 5185 1199 5239 rito
1208 5202 1283 5241 ntea:

501 5271 627 5341 quondam
640 5270 692 5324 rita
715 5286 774 5327 mea
793 5281 834 5327 est
847 5271 967 5328 confiteri
983 5281 1018 5339 ιι,
1037 5273 1083 5329 sed
1091 5273 1190 5331 deiecit
1199 5277 1224 5331 in
1235 5276 1284 5333 do·

502 5366 569 5426 lore,
580 5377 640 5418 cunr
652 5361 763 5418 dixisset
789 5363 928 5420 iuimicus:
944 5363 1127 5437 Torqueantor
1140 5365 1224 5424 don'ee
1236 5384 1284 5425 ne-

501 5452 614 5526 getisEt
626 5453 686 5508 unni
699 5455 747 5507 mei
768 5454 795 5508 in
815 5456 944 5527 gemitibus
959 5471 969 5510 .·
983 5468 1099 5545 tempora
1114 5474 1173 5529 quae
1187 5473 1237 5531 ape
1256 5461 1284 5516 in

503 5550 553 5601 troc
568 5545 674 5611 saecuto,
686 5559 738 5599 non
754 5545 817 5599 mibi
835 5556 920 5603 morte
933 5532 1097 5616 auferrentur,
1106 5549 1152 5606 sed
1165 5559 1284 5618 manent,

501 5646 580 5706 etque
592 5636 618 5689 iu
632 5635 849 5706 gemitibussunt.
860 5635 1008 5704 infirmatus
1022 5650 1057 5695 est
1067 5640 1093 5695 in
1103 5642 1285 5712 epeatotecipor

503 5743 572 5781 truens
587 5742 597 5780 .·
616 5741 680 5796 egeo
687 5726 799 5780 sanitate
811 5725 888 5795 buius
896 5738 1025 5799 corpeus,
1036 5746 1085 5787 nec
1100 5739 1285 5802 parciturum.

503 5819 631 5882 eiatibus;
650 5832 715 5886 egeo
728 5816 887 5872 resolutione
900 5819 1028 5888 eorporis,
1043 5829 1070 5877 ιι
1084 5824 1200 5892 parcitur
1213 5839 1284 5881 mor·

420 5984 422 5991 ¹
505 5916 523 5966 ti
540 5929 547 5966 :
570 5919 598 5967 et
611 5912 637 5966 in
651 5910 700 5965 bae
712 5919 828 5982 egestate
841 5910 972 5968 infirmate
993 5922 1034 5970 est
1056 5914 1150 5972 lldncia
1170 5931 1240 5974 mea.
1253 5917 1285 5973 lit

536 6133 544 6165 ¹
556 6136 580 6180 to
593 6128 698 6195 plurilus
707 6136 769 6190 tiss,
783 6134 911 6193 ιριιιιιιιι.

1103 692 1130 748 S.
1153 685 1334 747 uetustum
1354 689 1503 746 uniscunt

2058 697 2112 751 ffl

1325 815 1381 855 osto
1395 818 1448 856 meo
1462 804 1606 858 conturbato
1620 813 1697 875 sunt.
1712 812 1740 861 ιι
1758 803 1866 862 6ιιιιίιιιι
1887 788 1944 863 ntea
1967 813 2114 866 conturba-

1327 900 1350 946 ιι
1362 903 1412 946 ιιι.

1360 984 1403 1040 tt.
1419 984 1501 1059 [ecre.
1518 987 1561 1044 19.
1578 987 1683 1063 lSuper
1705 1007 1790 1045 omnes
1813 990 1926 1067 ininucos
1947 1008 2015 1048 tereos
2029 996 2115 1064 suctus

1325 1094 1380 1134 sucu
1393 1081 1563 1151 opprobrium.
1583 1081 1683 1137 Inimici
1707 1083 1758 1139 mei
1778 1090 1840 1137 sunt
1860 1097 1952 1139 omnes
1965 1084 2050 1155 iniqui
2063 1103 2071 1151 ;
2085 1095 2115 1142 ct

1326 1178 1414 1227 tamen
1426 1187 1473 1242 pro
1487 1172 1631 1227 sceleribus
1645 1173 1700 1228 suis
1711 1189 1793 1245 usque
1801 1174 1833 1228 ad
1844 1174 2039 1235 eottlesslonem
2055 1185 2113 1232 tor·

1325 1273 1459 1337 quentur:
1483 1265 1604 1336 superavi
1627 1280 1690 1337 crgo
1708 1267 1880 1337 opprobrium
1897 1282 2008 1335 eorum,
2035 1268 2115 1340 cuim

1326 1357 1518 1413 consessionem
1532 1372 1583 1410 non
1596 1372 1667 1411 triers
1684 1356 1812 1426 sequitur,
1829 1358 1875 1412 sed
1889 1358 2022 1414 cettelatus
2037 1358 2113 1416 inse·

1325 1448 1423 1519 quitur.
1438 1446 1471 1501 Et
1485 1448 1571 1501 uicinis
1590 1448 1650 1501 meis
1674 1448 1800 1502 nimium:
1824 1448 1931 1503 nimium
1953 1447 2004 1504 hoc
2026 1450 2114 1507 risum

1325 1548 1366 1594 est
1379 1540 1417 1593 eis
1429 1539 1473 1609 qni
1484 1538 1538 1609 jntn
1555 1538 1764 1607 propinquabant
1776 1552 1936 1607 cognoscere
1944 1546 1970 1593 te
1981 1550 2008 1594 ιι
2020 1548 2114 1597 tencre

1327 1627 1404 1683 lidetn
1416 1644 1493 1699 queam
1509 1638 1597 1683 teneo.
1612 1626 1645 1681 Et
1661 1628 1735 1691 timor
1752 1629 1816 1682 notis
1829 1628 1942 1683 nreiseet
1965 1628 2030 1700 ipsis
2044 1633 2116 1687 uadis

1326 1721 1393 1776 meis
1406 1714 1528 1789 exentplo
1543 1719 1680 1774 horribilis
1700 1717 1876 1773 tribulationis
1898 1734 1965 1774 mem
1987 1720 2114 1775 timoren

1327 1812 1435 1867 incussi.
1451 1810 1499 1878 Qui
1516 1810 1629 1866 oidelmnt
1647 1826 1696 1874 nte,
1713 1809 1780 1876 foros
1793 1809 1920 1881 {uolebant
1932 1826 1948 1863 o
1961 1824 2024 1864 nte:
2046 1825 2115 1879 quo·

1327 1904 1397 1958 niam
1429 1918 1482 1957 non
1513 1901 1693 1971 intelligebant
1726 1900 1877 1956 interiorem
1903 1909 1930 1955 ιι
1952 1899 2114 1956 invisibilem

1327 2008 1402 2063 spem
1427 2007 1523 2055 meam.
1552 1992 1578 2046 in
1608 1991 1739 2046 exteriora
1761 2000 1789 2047 et
1809 1990 1921 2046 risibilia
1951 1989 2078 2062 luperunt
2096 2007 2116 2047 a

1328 2099 1380 2139 me.

1362 2173 1405 2227 16.
1422 2170 1505 2245 [nere.
1531 2168 1598 2243 ts]
1614 2169 1712 2226 Oblitus
1735 2187 1791 2225 sunt
1803 2212 1811 2238 ,
1823 2180 1940 2242 tunquam
1960 2182 2076 2227 mortuus
2097 2189 2116 2227 ιι

1328 2262 1403 2315 corde
1418 2270 1466 2316 :et
1476 2261 1550 2316 obliti
1565 2271 1624 2316 sunt
1647 2276 1699 2325 ιιιι,
1729 2270 1853 2331 tunquam
1879 2270 1998 2317 mortuus
2018 2264 2071 2318 situ
2096 2278 2114 2318 s

1327 2354 1407 2410 corde
1421 2354 1547 2424 ipsorum.
1561 2352 1656 2407 Faetus
1677 2369 1732 2407 sunt
1754 2363 1874 2424 torrouom
1899 2370 1941 2408 oar
1956 2353 2084 2428 perditum
2101 2368 2112 2408 ε

1327 2446 1399 2500 risus
1408 2460 1466 2500 sum
1479 2444 1542 2498 milri
1556 2443 1666 2513 periisse
1680 2441 1770 2497 usibus
1784 2442 1896 2509 Domini,
1911 2442 2001 2497 vivens
2014 2441 2042 2497 in
2058 2442 2113 2499 boc

1328 2536 1435 2601 soeculo,
1452 2543 1479 2589 et
1490 2534 1621 2589 nemiuem
1628 2532 1804 2600 lucrifaciens,
1815 2548 1875 2588 enm
1886 2546 1978 2588 omnes
1988 2534 2116 2589 timerent

1328 2626 1463 2698 aggregari
1477 2623 1553 2679 milti.

1364 2718 1409 2771 ll.
1425 2714 1509 2790 [uere.
1525 2715 1569 2771 ll.
1581 2713 1592 2789 ]
1602 2715 1725 2781 Quoniam
1741 2715 2039 2787 oudieioitupemtionem
2049 2716 2118 2771 mul-

1329 2818 1411 2865 torum
1424 2806 1588 2874 accolentium
1611 2807 1636 2861 in
1649 2807 1753 2861 circuitu
1767 2822 1777 2861 .·
1790 2808 1913 2877 quoniam
1925 2807 2015 2863 audiri
2040 2808 2115 2865 rito·

1329 2907 1505 2969 perantes-me
1526 2897 1624 2953 multos
1650 2898 1678 2953 iu
1706 2898 1916 2969 peregrinatione
1942 2897 2021 2969 hujus
2034 2908 2114 2955 terrae

1327 2990 1400 3061 juxte
1411 3005 1465 3057 me,
1480 2997 1620 3061 sequentes
1644 2989 1783 3045 circuitum
1800 2998 1957 3059 temporum,
1970 2998 1997 3046 et
2009 3005 2116 3045 mecum

1330 3083 1356 3138 in
1369 3082 1481 3154 patriam
1494 3091 1620 3137 aeternam
1634 3079 1720 3135 redire
1742 3088 1904 3135 recusantes.
1923 3078 1990 3134 Dum
2008 3095 2116 3156 conpre-

1329 3183 1449 3247 purcntur
1462 3173 1512 3243 ipsi
1526 3171 1602 3227 sintul
1611 3152 1744 3226 aduersum
1757 3188 1807 3238 rue,
1816 3179 1843 3224 ut
1854 3171 1993 3242 acciperent
2002 3171 2118 3225 cerintum

1329 3282 1410 3321 meum
1423 3263 1617 3321 consiliumeunt
1631 3278 1640 3316 :
1653 3270 1680 3317 nt
1692 3261 1853 3318 consentiret
1865 3260 1905 3317 cis
1922 3260 2011 3315 attinio
2037 3274 2111 3327 mea,

1330 3360 1388 3429 uuas
1404 3366 1489 3411 morte
1502 3362 1594 3428 posset
1614 3353 1648 3411 de
1674 3363 1805 3424 potestate
1820 3352 1924 3409 illorum
1939 3352 2017 3409 lacile
2029 3352 2117 3415 exire.

1330 3447 1545 3520 excogitaverunt
1566 3444 1725 3512 consilium,
1752 3458 1804 3516 quo
1825 3442 1954 3500 necmori
1977 3457 2022 3500 ιιιι
2045 3442 2119 3501 siue·

1330 3549 1400 3596 reni.

1366 3629 1409 3689 ts.
1419 3627 1430 3704 [
1441 3645 1506 3684 ress.
1525 3628 1567 3685 16.
1581 3625 1592 3700 ]
1608 3627 1663 3700 Epo
1675 3635 1757 3681 nutem
1781 3625 1808 3680 in
1827 3632 1850 3680 te
1863 3625 1971 3697 sperari,
1983 3623 2118 3691 bonum,-

1330 3715 1587 3777 sutrinensem
1610 3731 1762 3772 meustnon
1789 3715 1860 3771 enirn
1887 3724 2005 3770 mutatus
2030 3727 2072 3783 es,
2088 3723 2119 3771 ut

1330 3828 1383 3868 nun
1398 3801 1499 3868 salvum
1513 3808 1593 3864 lacias
1605 3809 1649 3879 qui
1663 3807 1799 3863 emendas.

1366 3907 1410 3963 16.
1422 3903 1434 3980 [
1445 3922 1509 3961 retr.
1524 3904 1567 3963 16.
1582 3902 1594 3978 ]
1608 3901 1761 3958 lnmunilmr
1776 3903 1824 3957 tuis
1834 3911 1983 3957 sorteemeos
1996 3916 2005 3957 .·
2019 3901 2046 3956 in
2061 3909 2116 3974 po'·

1331 4007 1426 4057 testate
1439 4007 1484 4053 tua
1497 4005 1558 4053 sunt
1569 3979 1654 4052 sortes
1670 4009 1745 4051 mee.
1770 3993 1827 4050 Non
1845 3994 1916 4050 enim
1929 3993 2013 4049 ullum
2032 3993 2114 4050 rideo

1331 4090 1467 4154 meritum,
1481 4103 1534 4161 utto
1545 4088 1579 4144 de
1593 4087 1719 4143 universa
1742 4084 1876 4156 impietate
1888 4085 1994 4157 generis
2005 4083 2118 4142 hnmani

1332 4199 1375 4239 me
1387 4182 1551 4254 potissimum
1561 4178 1662 4249 elegisti
1676 4177 1832 4234 adsalutem
1848 4195 1855 4235 ι
1871 4187 1897 4234 ιι
1909 4178 1932 4233 si
1952 4184 1994 4233 est
2004 4176 2076 4248 apud
2090 4185 2118 4235 tc

1330 4274 1417 4345 justus
1431 4282 1459 4329 et
1476 4273 1595 4328 occultus
1619 4269 1684 4326 ordo
1707 4269 1845 4326 electionis
1868 4283 1945 4337 inea,
1961 4284 2011 4341 ego
2026 4278 2118 4348 tamen

1332 4383 1410 4440 quern
1425 4367 1476 4423 boe
1488 4367 1561 4433 latet,
1576 4364 1608 4420 ad
1624 4363 1737 4420 tunicam
1752 4361 1855 4419 Domini
1868 4361 1921 4418 mei
1939 4370 2010 4417 sorte
2023 4377 2119 4432 perve-

1332 4459 1359 4517 ni
1371 4460 1380 4533 (
1392 4459 1470 4514 loon.
1482 4474 1537 4525 nx,
1552 4456 1588 4511 et
1597 4455 1618 4526 l.
1631 4453 1701 4511 Erue
1712 4470 1751 4508 me
1769 4454 1800 4509 de
1823 4452 1937 4509 monibus
1957 4452 2119 4508 inimicorum

1333 4567 1455 4615 trecorum,
1470 4557 1493 4604 et
1507 4564 1523 4602 ι
1536 4543 1736 4617 persequentibus
1746 4560 1795 4600 me.

1368 4637 1433 4712 tet
1446 4656 1508 4694 ocrs.
1525 4639 1567 4693 l'l.
1580 4636 1591 4710 ]
1604 4630 1709 4692 illustro
1724 4629 1812 4709 [eciem
1836 4646 1905 4689 tuom
1927 4627 2118 4705 supcr‘serottttt

1333 4741 1424 4785 tuum:
1438 4727 1581 4784 riotomlac
1605 4726 1755 4781 bominibus
1779 4725 1822 4796 qui
1845 4739 1898 4781 non
1921 4723 2118 4795 putantntesd

1334 4834 1359 4878 te
1373 4823 1513 4893 pertinere,
1528 4834 1658 4891 superme
1668 4833 1727 4875 esse
1741 4816 1921 4873 intendentem
1932 4814 2117 4885 lamentum,

1333 4929 1428 4986 meque
1452 4911 1499 4968 tibi
1524 4911 1634 4966 seruire.
1660 4908 1767 4965 Saluum
1794 4923 1834 4962 nte
1854 4910 1896 4980 [oe
1924 4907 2018 4962 intuo
2038 4905 2116 4962 mise·

1333 5005 1452 5061 ricerdis.
1860 4992 1873 5027 ⁸

1369 5096 1411 5153 18.
1429 5094 1517 5169 [uere.
1533 5093 1575 5150 18.
1589 5091 1600 5167 ]
1614 5091 1731 5157 Domine,
1755 5107 1805 5145 non
1824 5089 1975 5161 confundor,
1998 5088 2120 5161 quonium

1334 5190 1444 5244 inuocem
1458 5195 1481 5242 te
1496 5202 1505 5241 .·
1518 5184 1643 5249 Domine,
1669 5199 1721 5238 non
1748 5182 1905 5238 erubescam
1930 5180 2119 5237 insultantibus

1334 5278 1409 5346 mihi,
1423 5293 1455 5333 ex
1469 5292 1502 5334 eo
1513 5275 1583 5348 quod
1598 5285 1623 5330 te
1633 5271 1928 5352 insumul..Druicmont
1947 5271 2028 5342 impii,
2038 5281 2062 5327 et
2075 5270 2121 5327 tle·

1335 5371 1461 5426 ducuntur
1469 5370 1496 5423 in
1509 5367 1636 5437 iuuenum
1648 5364 1824 5421 :erubescant
1844 5365 1933 5436 potius
1944 5363 1989 5435 qui
2016 5361 2120 5432 lapides

1334 5464 1467 5529 invocant,
1477 5469 1505 5517 et
1519 5458 1619 5514 umbris
1629 5457 1774 5513 socientur.

1369 5574 1413 5632 19.
1426 5571 1509 5647 [uest.
1523 5568 1673 5645 19.]11ιιι
1697 5570 1834 5641 effluenter
1854 5568 1921 5624 lobio
1934 5567 2023 5623 doloso
2033 5584 2044 5623 ι
2056 5577 2119 5626 nats

1335 5668 1434 5725 iaciens
1443 5664 1548 5737 populis
1559 5672 1722 5720 sacramenta
1736 5664 1763 5718 in
1774 5679 1817 5718 me
1829 5671 1882 5727 tua,
1897 5661 2121 5732 lacobstupesce·

1335 5775 1365 5816 re
1378 5758 1446 5814 labia
1459 5756 1611 5827 lingentium
1621 5752 1655 5810 de
1665 5770 1707 5811 me
1722 5754 1796 5810 laisa.
1813 5752 2019 5824 Queloouunntr
2030 5753 2123 5808 otom-

1334 5870 1378 5910 sus
1387 5848 1656 5922 justumint'quitotem,
1671 5847 1697 5900 t'n
1714 5847 1864 5916 superlucet
1885 5854 2027 5913 contemptu
2040 5859 2049 5897 :
2060 5860 2123 5913 utne

1337 5946 1479 6016 loquuntur
1492 5936 1759 5995 aduersusClulstum
1772 5936 1948 6007 iniquitatem,
1960 5935 2119 6006 superbier·

1330 6031 1397 6102 tes,
1417 6044 1444 6091 et
1475 6040 1674 6091 contemnentes
1711 6040 1833 6100 tonqrmm
1860 6026 1993 6087 bominem
2016 6030 2123 6088 crutid-

1336 6145 1412 6188 suut.
1472 6129 1478 6141 '
