5025 6925
380 735 2028 810 *ffl-

759 938 844 1041 ΙΝ
893 938 1265 1065 QUARTUM
1317 944 1580 1049 tontum

1023 1174 1362 1355 ddcnfatio.

900 1461 1512 1510 &ma—...-

414 1618 443 1672 Si
457 1626 606 1686 postremos
617 1618 676 1673 illos
686 1618 911 1673 Retracmtionmn
923 1620 1006 1675 libros
1020 1621 1096 1676 uobis
1107 1624 1270 1693 Augustinus
1280 1623 1429 1694 reliquisset
1439 1669 1446 1690 ,
1457 1628 1553 1698 quibus
1565 1627 1667 1685 habitos
1681 1630 1715 1685 ad
1735 1631 1860 1701 populum
1878 1634 2017 1694 Tractatus

377 1726 528 1766 recensere
538 1726 567 1765 se
579 1698 771 1777 vetteleptstola
784 1726 831 1765 sua
842 1712 875 1766 ad
883 1712 1093 1780 Quodvultdeum
1106 1716 1252 1771 testabatur
1264 1716 1360 1786 (Epist.
1373 1718 1441 1785 aet,
1454 1736 1481 1774 n.
1494 1719 1541 1791 2);
1556 1721 1714 1778 immensum
1726 1724 1776 1780 hoc
1793 1726 1819 1781 in
1832 1727 1953 1784 Psalmos
1966 1731 2016 1784 lla·

377 1804 482 1856 vidieos
496 1817 562 1872 opus
577 1802 611 1856 ibi
626 1802 785 1857 hauddubie
800 1803 956 1858 illustrasset
970 1804 1001 1858 iis
1013 1804 1258 1872 observationibus,
1275 1823 1334 1878 qum
1348 1808 1510 1877 pra—lationis
1521 1811 1595 1880 loco,
1610 1823 1701 1868 nostra
1721 1816 1804 1871 multo
1822 1819 1942 1876 utilioris.
1954 1837 2013 1875 essu.

378 1896 542 1966 potuissent.
557 1896 591 1950 At
605 1911 665 1950 cum
680 1896 843 1965 propositum
857 1897 966 1966 exsequi
980 1897 1058 1952 beato
1072 1897 1136 1953 Viro
1150 1914 1199 1969 per
1210 1910 1324 1956 mortem
1336 1917 1388 1956 non
1403 1903 1522 1968 licuerit,
1536 1906 1697 1964 arbitramur
1709 1909 1789 1965 ollrcii
1800 1912 1882 1969 nostri
1894 1909 2013 1966 hocloco

377 1989 475 2057 paucis
496 2002 649 2056 exponere,
661 1988 748 2058 primo
766 1989 862 2058 quilius
881 1990 1023 2044 momentis
1042 1990 1075 2045 ad
1095 1993 1290 2064 suscipiendam
1311 1995 1474 2051 Psalmorum
1494 2002 1691 2056 enarrationem
1711 2004 1840 2073 impulsus
1859 2002 1908 2068 sit,
1926 2015 2019 2074 postea

376 2097 458 2151 quem
471 2082 496 2133 in
512 2096 543 2134 ea
553 2080 673 2135 ordinem
685 2082 847 2148 servaverit,
863 2082 960 2136 deinde
972 2097 1050 2152 qnam
1063 2093 1170 2140 sectatus
1185 2084 1264 2141 luerit
1279 2089 1304 2140 iu
1317 2088 1477 2158 exponendo
1488 2093 1634 2158 rationem,
1650 2103 1704 2148 tum
1720 2110 1785 2165 quas
1800 2094 1873 2166 leges
1883 2095 1932 2149 sibi
1945 2112 2016 2167 praa-

376 2175 516 2239 stituerit,
530 2175 644 2244 denique
654 2174 759 2229 cuinam
773 2174 898 2230 institerit
912 2175 1082 2231 Vorsionum.
1915 2192 1920 2203 ·

417 2267 532 2322 Psalmis
545 2265 677 2321 liavidicis
688 2266 784 2321 mirum
797 2266 825 2320 in
838 2266 943 2322 modum
962 2268 1116 2337 capiebatur
1127 2269 1297 2340 Augustinus.
1313 2271 1411 2325 Eorum
1425 2281 1532 2339 cautus,
1548 2288 1600 2344 quo
1618 2282 1736 2345 tempore
1754 2276 1826 2331 illum
1848 2277 1875 2331 in
1889 2278 2009 2334 Ecclesia

377 2360 573 2416 llediolanensi
584 2359 677 2415 audire
690 2359 788 2427 erepit,
803 2358 870 2413 adeo
881 2360 998 2415 suaviter
1010 2360 1092 2429 ipsius
1106 2360 1382 2429 alliciebatanimum,
1398 2372 1426 2416 ut
1438 2363 1486 2432 piis
1498 2363 1571 2420 hisee
1583 2361 1743 2423 motibus-ad
1755 2369 1937 2425 maturandam
1947 2386 2014 2426 con-

380 2455 533 2507 versionem
550 2465 624 2506 suam
646 2450 829 2507 vehementius
848 2453 1031 2507 stimularetur
1043 2451 1245 2526 (consessionem
1260 2453 1302 2507 tib.
1315 2455 1347 2518 9,
1364 2471 1387 2508 c.
1411 2456 1427 2509 6
1442 2457 1466 2510 ἐι
1479 2457 1515 2527 7).
1534 2455 1626 2511 Tradit
1638 2459 1717 2515 titiam
1740 2459 1785 2515 llir
1798 2470 1904 2517 sanctus
1924 2463 1950 2516 in
1963 2477 2014 2519 suo

378 2563 489 2601 secessu
503 2547 572 2616 apud
593 2548 787 2615 Cassisiacum,
804 2548 847 2603 ubi
861 2563 892 2603 se
905 2548 938 2601 ad
954 2548 1115 2617 baptismum
1127 2548 1311 2619 comparabat,
1329 2559 1465 2618 tantopere
1480 2550 1597 2606 divinum
1613 2553 1639 2606 in
1653 2566 1686 2607 se
1697 2567 1814 2609 amorem
1828 2554 1960 2611 exarsisse
1974 2556 2014 2611 le·

376 2655 401 2709 g:
413 2639 473 2692 redis
488 2638 581 2693 iisdem
595 2640 678 2693 saeris
688 2636 821 2705 Canticis,
836 2647 864 2693 ut
879 2638 1065 2694 ardentissimo
1083 2638 1207 2709 llagmret
1217 2640 1350 2696 desiderio
1364 2642 1422 2696 illos
1434 2657 1481 2712 per
1493 2643 1585 2699 orbem
1605 2644 1777 2710 universum,
1792 2645 1814 2699 si
1827 2661 1878 2716 qua
1894 2646 1950 2701 lleri
1964 2662 2014 2719 po·

377 2733 489 2795 tuisset,
502 2731 646 2799 recitandi3
657 2731 788 2803 simulque
802 2731 972 2786 amarissimo
984 2730 1083 2789 doloris
1095 2746 1155 2786 cum
1169 2728 1348 2801 indignatione
1357 2747 1388 2788 ae
1398 2733 1629 2790 commiseratione
1644 2735 1776 2804 conjuncti
1789 2749 1869 2791 sensu
1883 2751 2014 2809 pungere·

374 2836 428 2890 tur,
446 2824 516 2895 quod
529 2840 590 2895 qua
603 2825 730 2898 mysteria
744 2824 914 2895 remediaque
928 2826 983 2880 illic
1003 2825 1182 2891 continentur,
1195 2822 1333 2880 llanichai
1355 2826 1467 2896 lugenda
1485 2830 1604 2883 caeeitate
1623 2843 1676 2883 non
1695 2828 1833 2896 viderent,
1847 2839 1928 2903 atque
1946 2832 2015 2889 adeo

373 2917 542 2983 antidotum,
557 2934 610 2988 qno
620 2918 720 2972 sanitas
729 2918 768 2972 eis
777 2918 880 2973 restitui
890 2918 1036 2988 potuisset,
1048 2924 1204 2989 respuerent
1218 2915 1312 2991 (leid,
1326 2934 1350 2972 e.
1366 2919 1407 2988 4).

412 3011 493 3079 Atqui
508 3010 569 3064 lieet
580 3024 597 3064 e
609 3008 722 3064 Psalmis
736 3017 838 3064 tantum
851 3007 962 3065 luminis
972 3008 1051 3076 duci,
1068 3018 1121 3063 tam
1135 3007 1245 3064 uberem
1260 3009 1365 3079 pietatis
1375 3024 1483 3065 succum
1495 3010 1608 3080 exprimi
1621 3026 1700 3082 posse
1715 3013 1889 3083 intelligeret,
1903 3016 2013 3086 proprio

374 3102 501 3155 nimirum
520 3100 716 3169 experiment03
729 3108 845 3154 attamen
859 3098 960 3170 privata
979 3114 1026 3154 sua
1045 3098 1218 3154 meditatione
1231 3106 1387 3165 contentus,
1406 3114 1540 3171 nunquam
1559 3099 1680 3157 lurtassis
1693 3102 1726 3156 ad
1746 3117 1794 3157 eos
1806 3104 1911 3174 publice
1927 3121 2012 3177 cxpo·

375 3190 480 3245 nendos
489 3190 605 3244 animum
620 3188 775 3259 appulisset,
786 3188 838 3245 nisi
851 3188 936 3259 ipsum
948 3188 1036 3257 petitae
1046 3185 1155 3243 aliunde
1164 3202 1252 3243 causa
1263 3189 1464 3258 permovissent.
1477 3190 1618 3246 Enimvero
1630 3199 1684 3246 tam
1695 3193 1859 3263 magrrlllcam
1870 3196 2010 3254 imbiberat

375 3282 410 3338 de
422 3283 587 3337 Psalmorum
603 3280 754 3351 prestantia
764 3280 931 3351 opinionem,
946 3289 975 3335 ut
984 3289 1156 3351 quotquotex
1170 3279 1221 3335 illis
1240 3281 1401 3351 apertissimi
1416 3280 1583 3350 videbantur,
1600 3282 1679 3338 iidem
1696 3283 1809 3341 lrabeudi
1823 3298 1913 3344 essent
1930 3290 2012 3360 ipsius

374 3376 475 3446 judicio
488 3373 701 3430 reconditissimi.
721 3372 777 3430 Nec
789 3372 936 3428 sanealiud
955 3388 1043 3446 causae
1063 3369 1146 3427 luisse
1170 3386 1219 3427 cur
1238 3372 1271 3428 ad
1290 3373 1420 3444 psalmum
1440 3374 1624 3434 centesimum
1633 3374 1765 3432 decimum
1784 3389 1921 3446 octavum,
1937 3382 2014 3452 cujus

376 3469 569 3539 expositionem
585 3467 619 3523 ab
637 3483 670 3523 eo
682 3449 855 3537 tantumfnon
870 3465 998 3522 conviciis
1015 3464 1184 3536 llagitabant,
1196 3465 1411 3536 explanandum,
1427 3475 1487 3544 post
1507 3476 1594 3523 tantas
1606 3483 1695 3525 moras
1715 3478 1743 3525 et
1761 3473 2015 3542 procrastinationes

376 3562 539 3631 accesserit,
560 3562 617 3630 ipse
635 3560 702 3614 satis
719 3558 836 3614 declarat
856 3557 914 3613 istis
932 3557 1035 3622 serbis,
1058 3557 1158 3625 Quanto
1178 3557 1245 3612 ertim
1265 3558 1361 3611 uidetur
1383 3558 1503 3627 apertior,
1518 3565 1587 3612 tanto
1606 3559 1669 3612 milri
1683 3561 1832 3632 profundior
1853 3564 1931 3618 uideri
1951 3565 2015 3620 solet

376 3651 495 3722 (Prolop.
507 3652 533 3703 in
546 3647 618 3703 Psoi.
633 3648 736 3719 exuta).
749 3649 936 3704 Verumtamen
947 3663 1008 3704 cum
1018 3649 1152 3718 dignitatis
1164 3662 1244 3718 quam
1254 3647 1363 3718 gerebat
1376 3647 1445 3702 ratio
1454 3648 1572 3719 exigeret
1581 3658 1610 3705 ut
1619 3649 1725 3719 plebem
1738 3665 1809 3707 curte
1821 3667 1875 3708 suae
1884 3655 2013 3712 credicrm

376 3743 517 3815 praeceptis
534 3742 700 3805 institueret,
716 3739 945 3811 objurgationibus
961 3739 1121 3810 corrigeret,
1137 3738 1292 3795 inlormarct
1312 3737 1346 3792 ad
1368 3738 1509 3807 pietatem,
1524 3738 1549 3793 in
1564 3738 1693 3795 bonorum
1708 3755 1817 3810 operum
1834 3745 2013 3814 virtuttnnquc

376 3836 583 3891 christianarum
596 3833 684 3890 studio
697 3842 725 3890 et
734 3849 783 3888 usu
796 3832 985 3897 confirmarem
996 3847 1144 3903 quanquam
1158 3830 1293 3902 Scriptura
1308 3830 1412 3898 omttis,
1427 3830 1554 3900 Apostolo
1569 3837 1653 3897 teste,
1668 3831 1701 3887 ad
1718 3832 1744 3888 id
1758 3833 1881 3890 conducit
1894 3837 1927 3907 (ll
1940 3835 2009 3896 Tim.

376 3947 422 3995 tn,
436 3930 499 4000 ltil;
517 3944 576 3982 eum
590 3937 676 3983 tamen
689 3927 807 3995 oporam
825 3928 851 3981 in
864 3925 957 3996 primis
970 3924 1092 3979 Psalmos
1108 3923 1252 3990 adhibere,
1267 3932 1358 3994 utpote
1376 3937 1443 3993 quos
1456 3923 1554 3993 passim
1567 3924 1656 3993 populi
1670 3924 1790 3979 manibus
1803 3927 1852 3981 teri
1871 3941 1903 3983 ac
1919 3929 1946 3983 in
1961 3945 2009 3986 ore

326 4034 332 4045 ·
376 4021 480 4077 versari
493 4027 631 4085 cerneret,
643 4033 728 4086 eoque
742 4017 775 4072 ad
788 4018 851 4073 illud
871 4014 1064 4087 assequendum
1082 4015 1214 4086 judiearet
1226 4013 1407 4081 ellicaciores,
1421 4013 1490 4085 quod
1510 4015 1636 4087 mysteria
1648 4023 1728 4086 atque
1746 4026 1878 4087 praecepta
1891 4019 1917 4073 in
1930 4021 2013 4076 sacris

376 4115 501 4168 amnibus
516 4113 632 4183 paginis,
645 4126 757 4181 morum
773 4111 810 4165 illi
820 4109 952 4181 quoddam
966 4109 1046 4164 velati
1060 4107 1248 4179 compendium
1260 4106 1404 4172 exhibent,
1419 4106 1557 4176 dispersa,
1573 4107 1599 4161 in
1613 4122 1643 4164 se
1657 4107 1877 4177 complectantur.
1893 4110 2011 4166 Desuda-

376 4208 414 4260 rit
430 4206 510 4276 igitur
524 4207 549 4259 in
562 4205 612 4259 ltoc
623 4206 713 4258 labore
724 4217 827 4258 suntma
837 4217 899 4256 eura
910 4209 938 4256 et
946 4199 1104 4265 sedulitate,
1119 4198 1181 4254 etsi
1194 4197 1301 4270 quando
1311 4198 1430 4253 utulestis
1442 4196 1623 4267 improbisque
1637 4195 1760 4267 precibus
1774 4212 1867 4253 corum
1880 4200 1925 4270 qui
1937 4216 2013 4256 com-

377 4299 555 4353 mentationes
576 4297 602 4350 in
616 4293 751 4360 Psalmos,
767 4311 834 4365 quos
848 4295 904 4363 ipse
924 4293 1002 4347 trimis
1022 4290 1144 4347 dildciles
1163 4289 1351 4355 existimabat,
1369 4287 1556 4358 postulabant,
1583 4287 1685 4345 nonnisi
1698 4303 1769 4358 aegre
1788 4305 1889 4346 morem
1909 4295 2010 4364 gessit:

379 4400 474 4446 eontra
488 4390 608 4445 videmus
620 4387 761 4459 aliquando
778 4387 848 4442 nolle
863 4388 948 4457 ipsum
964 4386 1088 4449 Psalmis,
1104 4400 1170 4454 quos
1192 4385 1218 4438 in
1233 4383 1357 4438 matribus
1377 4381 1490 4437 babebat
1501 4423 1509 4448 ‚
1521 4380 1635 4443 relictis,
1649 4382 1682 4438 ad
1705 4383 1755 4438 alia
1770 4385 1900 4443 calamum
1919 4399 2009 4445 trans·

378 4488 464 4552 terre,
479 4487 590 4557 eoquod
604 4501 663 4556 quae
676 4485 766 4542 inultis
784 4492 875 4542 essent
895 4481 1085 4543 crtrducibilia,
1100 4478 1193 4535 eadem
1213 4487 1316 4549 putaret
1337 4491 1443 4547 semper
1464 4475 1659 4546 anteponenda.
1680 4475 1765 4549 Magis
1786 4490 1889 4552 arpent,
1907 4483 2008 4556 inquit,

323 4612 325 4625 ι
377 4596 436 4650 parc
448 4580 560 4647 pluribus
573 4579 645 4633 utilio
659 4579 713 4648 [ore
724 4558 854 4649 speramus
869 4575 963 4648 (Epist.
976 4575 1043 4639 toa,
1059 4573 1092 4627 ud
1105 4572 1246 4637 Etodinnt,
1262 4589 1289 4626 tt.
1307 4572 1342 4641 ll.

323 4690 326 4741 ;
412 4671 482 4724 Cum
495 4671 606 4739 primurn
621 4669 654 4724 ad
668 4669 731 4724 illud
746 4678 811 4739 opus
822 4682 960 4739 aggressus·
971 4675 1013 4722 est
1025 4665 1203 4736 Augustinus,
1219 4662 1442 4735 quemadmodum
1458 4663 1540 4732 ipsius
1552 4663 1692 4718 consilium
1708 4681 1761 4721 non
1780 4676 1838 4723 erat
1856 4670 2007 4730 davidicum

323 4766 328 4825 i
377 4780 457 4819 omae
472 4763 628 4818 Psalterium
642 4762 814 4818 commentari
826 4803 833 4828 ,
847 4761 882 4816 ita
897 4761 1025 4814 rationem
1047 4756 1149 4813 ordinis
1162 4751 1232 4811 baud
1244 4768 1406 4826 magnopere
1416 4751 1563 4809 habendam
1584 4755 1752 4810 existimavit.
1771 4758 1805 4812 Et
1824 4760 1929 4829 quidem
1950 4766 2011 4834 epi-

325 4852 328 4889 ¹
378 4858 457 4913 stolae
467 4855 500 4909 ad
515 4855 652 4910 Paulinum
664 4870 735 4909 antro
744 4853 852 4909 circiter
868 4853 920 4907 414
933 4853 1039 4920 scriptae
1050 4851 1126 4906 locus
1138 4847 1194 4914 ille,
1208 4862 1262 4918 quo
1273 4845 1431 4901 strictiorem
1443 4846 1535 4915 psalmi
1549 4846 1645 4902 decimi
1660 4850 1727 4904 sexti
1744 4851 1938 4908 enarrationem
1953 4855 2006 4910 dtr·

323 4896 334 5015 i
377 4948 439 5004 datm
455 4949 503 5001 abs
514 4960 544 5001 se
555 4945 650 5001 laetam
667 4952 787 5010 testatur,
800 4943 940 5008 Recernui,
954 4940 1084 5012 inquiens,
1097 4938 1268 4993 breuissimum
1276 4936 1414 5008 quodetiam
1424 4937 1535 5006 ejusdem
1550 4937 1642 5007 psalteri
1652 4938 1847 5008 expositionem,
1861 4958 1937 5012 qnam
1949 4949 2007 5016 jorn

326 5036 330 5061 '
378 5042 437 5097 olim
449 5041 602 5094 dictaverant
613 5037 709 5112 (Epist.
726 5037 793 5104 149,
807 5053 834 5091 ιι.
848 5035 889 5106 5),
903 5048 936 5089 eo
955 5032 1141 5104 cogitationem
1155 5040 1273 5087 nostram
1294 5029 1421 5097 impellit,
1437 5038 1482 5097 ut,
1495 5044 1554 5084 cum
1574 5030 1694 5085 eamdent
1710 5031 1782 5086 illam
1799 5035 2007 5107 expositionem,

327 5160 329 5164 ·
377 5145 433 5190 tum
446 5145 542 5187 omnes
554 5129 620 5185 alias
630 5130 724 5186 eadem
735 5128 866 5184 brevitate
874 5140 905 5181 ac
916 5124 987 5194 stylo
994 5123 1179 5185 concinnatas,
1190 5121 1271 5178 totius
1283 5120 1371 5190 operis
1382 5120 1481 5191 primas
1491 5119 1588 5176 exiisse
1599 5121 1769 5175 arbitremur.
1781 5120 1913 5181 Statuerat
1926 5128 2006 5183 etiam

327 5202 330 5209 ’
377 5224 522 5279 Graduales
536 5237 605 5292 quos
618 5230 713 5277 vocant
727 5220 847 5275 Psalmos
866 5233 898 5271 ex
913 5215 1007 5271 ordine
1024 5215 1180 5280 enucleare,
1198 5213 1270 5281 tqrxod
1286 5212 1312 5266 in
1334 5212 1509 5283 centesimum
1528 5213 1684 5283 vigesimum
1704 5215 1851 5272 secuudum
1873 5218 2010 5289 disserens

327 5280 332 5347 i
376 5317 506 5386 signiticat
520 5313 563 5369 his
573 5313 675 5377 verbis,
693 5311 854 5367 Ascendentis
865 5298 1108 5364 Conticc'eaordiae
1122 5322 1179 5360 ιιιι
1193 5304 1335 5360 Sanctitate
1352 5303 1438 5358 Vestro
1448 5302 1631 5358 ronnderondo
1642 5306 1749 5375 suscepi.
1764 5307 1892 5366 Similiter
1904 5311 1930 5366 in
1941 5327 2007 5369 ccu-

375 5409 500 5464 tcsinrutn
514 5405 669 5476 vigesimum
684 5405 803 5474 quintum
816 5416 848 5457 ac
859 5400 1033 5457 centesimum
1045 5398 1207 5468 trigesimum
1221 5396 1334 5468 primum
1348 5395 1413 5449 dicit
1422 5396 1458 5449 ita
1477 5409 1508 5450 se
1526 5395 1558 5450 ad
1578 5395 1695 5465 psalmos
1709 5397 1768 5453 illos
1781 5401 1900 5468 venisse,
1916 5412 1944 5458 ut
1957 5421 2007 5460 crt-

374 5500 471 5569 jusque
484 5496 549 5553 ordo
562 5497 714 5568 postulabat
728 5513 736 5548 ι
751 5511 810 5550 cum
823 5504 911 5548 tamen
924 5491 1081 5563 vigesimum
1098 5497 1205 5546 sextum
1219 5489 1245 5543 in
1258 5488 1326 5543 lesto
1342 5487 1371 5540 ll.
1386 5485 1533 5555 Crispino,
1549 5487 1625 5556 cuius
1640 5503 1750 5558 agonem
1767 5493 1843 5555 nonis
1856 5493 2006 5555 decembris

376 5594 497 5644 retexunt
511 5587 714 5660 llartyrologia,
727 5586 857 5655 psalmum
877 5597 940 5638 vero
953 5581 1116 5652 trigesimum
1139 5579 1280 5651 septimum
1304 5579 1329 5632 iu
1342 5577 1386 5631 dic
1400 5574 1480 5630 nandi
1497 5576 1525 5630 S.
1541 5577 1650 5640 Felicis,
1664 5579 1739 5649 cttjus
1757 5585 1912 5654 martyrium
1928 5592 2006 5646 nonis

343 5741 345 5745 ,
378 5678 531 5733 novembris
543 5677 721 5740 renuntiatur,
736 5676 897 5744 exposuerit.
915 5672 967 5728 Sed
984 5672 1011 5726 in
1032 5671 1140 5741 reliquis
1152 5670 1276 5726 omnibus
1290 5684 1350 5723 curn
1364 5668 1451 5723 ordini
1467 5684 1519 5724 non
1539 5668 1619 5724 luisse
1637 5671 1788 5741 addictum,
1803 5677 1867 5731 varii
1883 5679 1933 5735 loci
1948 5682 2005 5750 pla-

331 5796 334 5809 ·
377 5789 439 5827 rtrtm
452 5771 553 5826 iaciunt
575 5768 696 5838 Exentpli
716 5782 813 5832 eausa,
827 5767 853 5820 in
867 5766 997 5835 psalmum
1010 5764 1203 5833 sexagesimum
1213 5771 1318 5817 sextum
1337 5761 1536 5830 explanationes
1546 5762 1683 5818 centesimi
1698 5765 1807 5821 secundi
1828 5779 1855 5823 et
1867 5775 2004 5830 centesimi

331 5898 334 5917 .
378 5867 448 5921 tertii
462 5865 541 5929 citat;
555 5863 581 5917 in
594 5862 768 5945 centesimum
787 5859 930 5914 oecrtndum
948 5857 1142 5912 enarrationem
1161 5855 1298 5910 centesimi
1313 5855 1399 5920 tertii,
1413 5869 1492 5925 quam
1507 5855 1586 5909 etiam
1601 5855 1627 5911 in
1643 5859 1799 5926 exponendo
1812 5865 2002 5935 octogesimum

331 5936 334 5998 l
376 5959 492 6033 quodam
506 5955 702 6012 modoridetur
715 5952 840 6008 iudicare.
856 5951 883 6006 ln
894 5949 1005 6020 eplstola
1017 5949 1051 6004 ad
1069 5948 1198 6005 Evodium
1208 5946 1394 6004 (lataexermte
1408 5962 1478 6002 anno
1490 5947 1560 6012 415,
1574 5947 1654 6003 tradit
1673 5951 1792 6019 proxime
1812 5953 1923 6012 dictatas
1940 5971 1954 6009 a
1974 5975 2006 6015 sc

372 6053 541 6123 psalmorum
555 6047 714 6121 sexagesimi
726 6044 843 6116 septimi,
857 6042 1044 6115 septuagesimi
1053 6042 1130 6113 primi
1143 6050 1170 6097 et
1179 6042 1366 6113 septuagesimi
1377 6041 1482 6112 septimi
1496 6043 1678 6099 enarrationes
1690 6043 1790 6110 luisse,
1807 6047 1877 6103 nolle
1887 6064 1952 6106 vero
1962 6068 2003 6118 se,

331 6169 334 6180 ·
372 6161 454 6203 suam
474 6145 501 6200 in
524 6142 641 6213 reltquns
660 6140 874 6212 psalmos,.quus
887 6135 1000 6195 necdum
1019 6135 1212 6207 mplreamrat,
1232 6133 1350 6193 laborem
1365 6126 1495 6206 interpelli
1508 6133 1606 6206 (Epist.
1621 6135 1729 6206 tecm.
1745 6139 1774 6206 t)
1787 6155 1794 6190 ε
1809 6139 1878 6197 unde
1894 6143 2003 6220 colligas

508 6236 645 6299 Panos..
665 6231 814 6300 xxxvl.
1454 6316 1458 6326 ¹
1729 6231 1852 6311 ’(Ηιι.)

330 6312 490 6368 ’·Λι
