5025 6925
437 669 491 723 2¹3

438 783 496 837 illua
508 794 586 849 usque
599 776 625 831 in
642 778 761 832 seculum
776 791 785 830 .·
798 785 824 830 et
836 790 898 845 rege
911 774 969 829 illos
983 773 1073 830 inlrac
1085 772 1223 843 temporali

442 872 504 936 uita,
520 879 548 925 ct
560 870 586 923 iu
600 879 727 924 eternam
742 866 802 922 lriuc
814 865 877 921 tolle
891 863 961 919 illos.

528 1033 532 1048 '
630 1074 672 1135 ιιι
692 1072 880 1135 minuunt
900 1071 1036 1133 xxvm

719 1189 928 1247 botuntum.

520 1294 524 1306 '
564 1300 686 1357 Paulnrru
697 1302 747 1373 ipsi
766 1300 868 1368 Duuid,
885 1300 1104 1366 cortrunnpotionis

758 1391 919 1447 tubernaculi.

475 1508 502 1563 1.
522 1503 598 1580 [uera
613 1505 639 1570 l,
653 1503 694 1578 2]
710 1504 832 1561 Psalmus
843 1502 894 1576 ipsi
908 1504 1045 1561 mediatori
1060 1519 1138 1559 manu
1152 1504 1223 1568 lorti,

441 1600 611 1674 perfectionis
631 1600 757 1656 Ecclesiae
776 1601 803 1656 in
825 1602 876 1655 boc
895 1599 1012 1666 seculo,
1034 1598 1077 1654 ubi
1096 1598 1225 1654 adversus

440 1691 574 1749 diabolum
589 1691 768 1762 temporaliter
779 1692 917 1747 militatur.

473 1785 501 1840 2.
522 1783 653 1853 Propheta
666 1783 781 1854 loquitor
794 1800 801 1836 :
815 1779 909 1849 Ariete
923 1780 1041 1848 Domino,
1054 1781 1100 1850 filii
1115 1778 1172 1846 Dei,
1185 1784 1225 1850 op-

441 1878 503 1947 pete
514 1872 625 1928 Domino
639 1873 704 1943 filios
718 1874 823 1928 adetum
834 1888 843 1926 .·
854 1872 944 1927 alicrte
958 1871 1071 1927 Domino
1083 1872 1224 1939 nosmetip-

442 1980 495 2032 sos,
508 1979 578 2037 quos
591 1979 638 2034 per
650 1964 822 2036 Evangelium
835 1963 916 2019 duces
925 1978 1039 2034 gregum
1052 1963 1168 2034 Apostoli
1180 1978 1225 2034 ge-

441 2066 564 2112 nuerunt.
575 2055 670 2123 Affcrtc
682 2055 789 2110 Domino
798 2055 905 2126 glorium
914 2063 937 2108 et
944 2055 1062 2109 bonorem
1071 2071 1080 2108 :
1089 2069 1135 2124 per
1144 2069 1223 2125 opera

442 2157 529 2204 vestm
546 2146 674 2203 Dominus
689 2147 848 2217 glorilieetur
859 2155 886 2201 ot
898 2146 1050 2215 honoretur.
1065 2144 1159 2213 afferte
1170 2144 1225 2199 Do-

441 2239 506 2294 runo
518 2238 626 2310 pindum
638 2238 733 2292 nomini
746 2238 800 2308 ojus
810 2252 820 2292 .·
829 2237 943 2308 gloriose
958 2252 1004 2307 per
1015 2236 1107 2292 orbem
1121 2237 1224 2291 innote-

442 2338 505 2384 seat.
526 2328 638 2383 Adorete
659 2328 795 2382 Dominum
808 2329 835 2381 in
848 2328 907 2382 oulo
918 2338 1004 2382 sonoro
1016 2330 1070 2398 ejus
1087 2343 1097 2381 .·
1116 2327 1225 2383 adorate

441 2418 581 2476 Domitium
594 2420 621 2475 in
633 2420 742 2474 dilatato
753 2427 781 2475 et
792 2420 956 2475 sanctificato
968 2419 1049 2475 corde
1060 2427 1166 2486 restro;
1178 2433 1225 2475 ros

441 2513 508 2569 uim
523 2512 589 2567 estis
601 2512 702 2583 regium
716 2521 836 2566 sanctum
849 2511 1029 2567 habitaculum
1042 2510 1110 2582 ejus.

472 2605 497 2661 3-
521 2603 597 2677 [κη.
611 2601 651 2676 5.]
675 2602 730 2658 Vox
742 2603 846 2657 Domini
859 2620 935 2673 super
946 2619 1024 2677 equor
1037 2618 1047 2658 .·
1060 2618 1111 2657 uox
1128 2601 1225 2658 Christi

440 2708 520 2767 super
535 2695 655 2766 populos.
672 2692 744 2747 Deua
756 2694 896 2764 nrojertetir
910 2694 1018 2748 intenuit
1031 2711 1041 2748 .·
1056 2693 1124 2749 Deus
1142 2693 1224 2762 maje-

441 2788 517 2842 statis
535 2787 569 2841 de
583 2786 652 2842 nube
667 2787 754 2841 carnis
769 2786 919 2842 terribiliter
933 2788 1113 2857 poeaitentiam
1127 2786 1224 2857 pradi-

440 2879 521 2934 (arit.
533 2876 658 2933 Dominus
669 2894 745 2947 rupo
755 2895 833 2947 ugnos
844 2879 935 2932 multos
948 2893 958 2933 .·
969 2878 1025 2948 ipse
1040 2879 1166 2933 murinus
1178 2878 1224 2934 lc·

433 2984 488 3025 ,sus
510 2979 597 3044 postea
619 2985 698 3041 quam
719 2986 810 3026 rocem
834 2971 922 3026 emisit
944 2986 1024 3041 super
1046 2972 1175 3042 populos,
1198 2981 1224 3027 ct

441 3060 583 3131 perterruit
596 3075 653 3124 ers,
667 3062 798 3115 conuertit
811 3061 837 3115 io
851 3076 891 3128 se,
904 3070 931 3116 et
943 3061 1069 3116 habitarit
1082 3063 1109 3116 in
1121 3063 1171 3118 eis.

472 3152 502 3208 l.
518 3149 594 3225 [aar.
604 3151 644 3226 1.]
663 3152 719 3208 Vox
730 3152 833 3208 Domini
845 3154 871 3207 in
884 3154 973 3209 uirtute
983 3170 993 3210 :
1002 3171 1051 3209 ror
1061 3155 1223 3225 Domiuijam

441 3241 467 3298 in
485 3243 560 3313 ipsis,
575 3252 698 3313 potentes
715 3244 813 3299 iaciens
824 3259 882 3300 eos.
898 3241 954 3299 Ver
972 3243 1073 3300 Domini
1089 3247 1115 3300 in
1128 3248 1226 3318 rugni-

442 3335 562 3404 pcenrio:
577 3349 629 3391 ror
644 3335 746 3390 Domini
760 3350 854 3406 magna
868 3334 967 3391 iaciens
980 3336 1006 3391 in
1018 3338 1068 3393 eis.

452 3458 455 3464 ·
473 3427 501 3484 b
521 3424 597 3500 [nera
608 3424 648 3500 5.]
665 3426 720 3482 Vox
732 3425 834 3482 Domini
846 3437 974 3483 conterens
987 3428 1073 3483 cedros
1088 3444 1159 3484 :roa
1174 3429 1221 3484 Do·

443 3521 504 3576 mirri
522 3521 682 3577 contritione
696 3521 784 3577 cordis
801 3521 944 3577 humilians
957 3521 1096 3592 superbos.
1111 3521 1223 3576 Corrrern

443 3609 563 3666 ὒοηιίιιιι)
572 3611 660 3666 cedros
671 3611 760 3665 Liboni
772 3620 909 3667 :conteret
920 3627 969 3682 per
978 3611 1158 3681 poenitentiam
1171 3612 1222 3665 Do-

442 3701 528 3758 miuus
545 3702 631 3759 elatos
648 3703 733 3758 nitore
751 3711 864 3758 terrene
877 3702 1040 3770 nobilitatis,
1055 3717 1116 3758 curn
1129 3702 1163 3756 ad
1175 3718 1223 3758 eos

442 3794 640 3850 confundendos
654 3794 777 3865 ignobilia
790 3794 868 3864 hujus
880 3794 969 3850 mundi
981 3795 1089 3865 elegerit
1099 3795 1121 3866 ll
1133 3794 1191 3850 Cor.
1202 3811 1223 3863 r,

442 3885 484 3959 28)
498 3928 505 3952 ,
520 3887 548 3943 in
562 3889 658 3959 quibus
665 3889 793 3946 ostendat
807 3888 970 3945 divinitatem
983 3903 1070 3944 suant.

473 3980 500 4036 ll.
510 3978 587 4054 [aar.
598 3981 639 4052 6.]
651 3980 683 4035 Ε)
692 3983 844 4036 conrnrinuct
854 3999 896 4036 coa
910 3990 1027 4053 tunquam
1036 3984 1140 4038 eitulrrnr
1150 3982 1225 4037 Libo·

443 4071 475 4124 ni.
490 4071 525 4126 lit
537 4080 672 4140 amputata
685 4075 798 4142 superba
812 4067 967 4128 celsitudine
982 4075 1096 4140 illorum,
1111 4075 1226 4146 deponet

443 4178 486 4220 eos
496 4163 531 4220 ad
544 4164 718 4220 latitationem
732 4165 885 4220 humilitatis
899 4181 953 4221 suar
965 4209 972 4233 ,
986 4167 1030 4237 qui
1044 4176 1168 4238 tartonam
1184 4170 1224 4221 ri·

442 4255 510 4316 tulus
525 4271 574 4326 pcr
588 4256 671 4325 ipsam
685 4257 763 4327 hujus
773 4258 861 4311 saculi
874 4259 1038 4313 nobilitatem
1049 4259 1082 4313 ad
1094 4260 1224 4313 victimam

443 4343 534 4401 ductus
550 4356 614 4401 cst:
630 4346 766 4401 Astiterunt
782 4349 848 4401 enim
867 4365 935 4420 roger
952 4358 1043 4412 terre,
1061 4361 1085 4403 et
1102 4352 1225 4420 principer

442 4447 605 4492 cenomanni
626 4439 653 4492 in
675 4455 753 4492 unrrnr
771 4440 889 4494 aduersus
909 4440 1044 4494 Dominum
1064 4451 1088 4495 et
1107 4443 1225 4497 edomant

442 4527 566 4584 wodor
580 4531 635 4603 ejus
650 4530 736 4598 (Paul.
753 4547 781 4598 rr,
794 4532 833 4601 2).
850 4530 882 4585 Ε)
895 4532 999 4586 dilectus
1013 4533 1076 4586 sicut
1088 4534 1156 4602 plius
1167 4535 1224 4587 nni·

443 4625 555 4678 carnium
575 4640 585 4679 .·
604 4639 665 4679 narn
689 4634 715 4679 et
736 4624 793 4694 ipse
813 4624 924 4679 dilectus
944 4635 1023 4695 atque
1041 4626 1135 4681 urricus
1153 4625 1224 4681 Patri

444 4716 585 4771 exinanivit
599 4733 631 4773 se
646 4716 780 4771 nobilitate
793 4732 857 4780 sua;
870 4727 897 4772 ct
910 4716 992 4774 lactus
1005 4727 1046 4773 est
1059 4717 1148 4783 Ιιοιιιο,
1158 4718 1224 4773 sicot

428 4845 433 4858 .
444 4805 510 4862 bros
519 4806 670 4863 todaeororo
682 4807 857 4876 ignorantium
865 4807 993 4875 iustitiam
1003 4807 1050 4862 Dei
1061 4808 1147 4878 (ilem.
1158 4825 1184 4869 a.
1196 4807 1224 4879 3)

444 4909 469 4954 ct
484 4901 599 4972 superbe
610 4899 765 4971 jactarrtium
782 4909 906 4970 tanlquam
925 4899 1084 4970 singularem
1095 4899 1223 4970 justitiam

443 5005 526 5047 suut.
641 5049 643 5054 ,

476 5083 502 5138 ’1.
522 5082 598 5156 [nere.
611 5081 649 5156 7.]
667 5082 722 5138 Vox
732 5082 835 5137 Domini
844 5083 999 5155 precidenda
1008 5084 1137 5153 dommum
1146 5084 1222 5155 ignia.

445 5173 498 5229 l'or
512 5175 615 5230 Domini
628 5190 675 5245 per
685 5174 807 5230 ardorem
817 5175 1052 5230 concitatissimum
1064 5191 1225 5246 persequen-

445 5266 505 5320 tiam
524 5281 554 5321 se
572 5267 631 5321 sine
651 5265 702 5319 rdla
718 5281 764 5321 sua
779 5267 887 5321 lesione
901 5267 1071 5330 transeuntis,
1094 5266 1135 5321 rel
1156 5266 1223 5321 diri·

446 5354 527 5411 dentis
544 5356 676 5413 iurentcm
697 5357 857 5412 iracundiam
879 5369 1075 5427 persecutorum
1096 5373 1222 5425 suorum,

445 5458 471 5500 ut
481 5447 524 5502 alii
535 5448 664 5514 dicerent,
678 5448 807 5518 Numquid
819 5449 886 5505 lorte
896 5450 952 5518 ipse
962 5457 1005 5504 est
1013 5447 1151 5512 Christus:
1163 5451 1221 5514 alii,

445 5535 510 5602 don,
522 5541 567 5595 sed
579 5540 681 5596 seducit
696 5539 821 5610 populum
841 5539 929 5610 (loun.
944 5556 998 5605 ru,
1015 5541 1059 5613 te)
1074 5559 1081 5595 :
1094 5553 1173 5612 atque
1189 5543 1223 5597 ier

445 5631 604 5700 accidentis
623 5633 745 5688 insanum
768 5633 908 5687 tumultum
928 5649 1040 5697 eororn,
1062 5643 1091 5688 nt
1109 5637 1176 5691 alios
1196 5652 1242 5690 m.

444 5719 592 5779 madorem
611 5740 687 5780 suam
707 5722 861 5794 trajiceret,
880 5724 946 5781 alios
964 5725 990 5779 in
1012 5725 1109 5781 nralitia
1130 5743 1221 5781 eorunr

443 5814 608 5884 relinqueret.

475 5908 502 5964 8.
521 5906 594 5982 [erra
609 5908 651 5981 8.]
674 5906 729 5963 Vox
743 5905 845 5961 Domini
858 5910 1032 5963 commonentis
1043 5910 1224 5964 solitudinem:

442 6011 489 6053 ror
510 5999 612 6055 Dourird
625 5999 818 6055 comanerentis
831 5998 864 6052 ad
878 5998 956 6053 bdem
971 5999 1070 6055 Gentes
1089 6001 1222 6070 qnondam

375 6152 376 6185 ,
438 6091 496 6149 sirac
509 6109 554 6164 spe
566 6104 595 6152 ct
607 6094 665 6151 siue
677 6093 733 6150 Deo
747 6091 775 6148 iu
790 6090 839 6148 hoc
857 6091 955 6148 oruudo
969 6091 1082 6163 (lintheo.
1098 6109 1132 6159 rr,
1151 6094 1199 6162 ld)
1214 6110 1220 6156 ;

979 642 1175 713 rinnrrnnrro
1193 656 1226 713 m
1245 657 1405 713 mutatur
1424 658 1519 713 ιιιιιι.

2005 672 2057 733 ili

1278 773 1416 827 uhinullus
1425 775 1562 844 propbeta,
1577 759 1747 835 nntns'rorht
1763 782 1809 839 Dei
1823 785 1987 854 predicator,
2002 793 2058 844 ret-

1278 864 1314 919 uti
1329 866 1417 920 nullus
1442 866 1521 921 horno
1536 866 1706 926 habitaverat.
1721 873 1923 933 crannonem
1937 880 2060 937 Doudoua

1278 966 1402 1009 desertum
1413 955 1493 1011 Codes
1503 973 1512 1012 :
1522 967 1549 1012 et
1559 969 1621 1014 tuac
1633 964 1760 1018 celebrari
1771 966 1847 1023 saciet
1859 968 1987 1026 Dominus
1998 988 2060 1029 sao·

1277 1055 1348 1101 cturn
1369 1047 1476 1101 uerbum
1496 1048 1690 1121 Scripturarurn
1710 1071 1832 1124 suarum,
1847 1064 1917 1131 quod
1933 1080 1947 1116 a
1961 1063 2063 1119 ludaris

1278 1153 1331 1193 non
1345 1139 1551 1210 intelligentibus
1564 1142 1745 1202 deserebatur.

1312 1228 1339 1284 D.
1359 1227 1433 1301 [eccs
1455 1229 1493 1304 9.]
1517 1231 1572 1287 ton
1589 1233 1694 1290 Domini
1712 1241 1963 1310 perficiendamve
1984 1261 2061 1305 :vox
2092 1291 2096 1296 .

1278 1320 1350 1375 enim
1365 1321 1470 1378 Domini
1484 1325 1567 1394 primo
1580 1329 1681 1396 perlicit
1693 1342 1859 1401 superatores
1870 1343 1896 1390 et
1909 1338 2061 1405 rernrlsores

1279 1426 1469 1467 verreuosarum
1490 1415 1647 1485 linguarum.
1663 1419 1695 1473 Ε)
1713 1424 1830 1478 reueludit
1848 1425 1922 1481 siloas
1936 1443 1944 1482 .·
1958 1438 1986 1483 et
1999 1440 2060 1486 torn

1276 1501 1316 1557 eis
1334 1504 1461 1561 revelabit
1478 1509 1623 1576 opacitates
1641 1509 1790 1567 divinornm
1809 1515 1934 1572 librorum
1955 1528 1982 1574 et
1999 1536 2058 1574 urno

1276 1592 1382 1650 bracula
1405 1599 1607 1668 mysteriorum,
1630 1602 1671 1655 uhi
1691 1619 1750 1658 cum
1770 1606 1891 1663 libertate
1911 1621 2059 1678 pascantur.

1276 1682 1310 1739 m
1322 1687 1349 1740 in
1363 1690 1455 1758 templo
1467 1690 1522 1761 ejus
1534 1694 1705 1765 urrueonirque
1715 1697 1774 1750 dicit
1787 1699 1892 1769 gloriam
1906 1717 1915 1754 :
1927 1711 1954 1756 ct
1967 1703 1991 1756 irr
2006 1702 2059 1758 Ec-

1276 1777 1355 1833 clesia
1367 1780 1425 1849 ejus
1437 1783 1523 1838 omnis
1533 1784 1559 1837 in
1570 1798 1643 1857 spem
1654 1798 1779 1843 aeternam
1791 1803 1960 1861 regeneratus
1970 1796 2063 1851 laudm⁴

1276 1866 1359 1922 Deum
1379 1884 1427 1939 pro
1444 1886 1493 1927 suo
1512 1875 1623 1945 quisque
1636 1876 1727 1947 dono,
1742 1880 1811 1950 quod
1829 1898 1842 1934 a
1858 1893 1949 1939 saneto
1962 1885 2069 1955 Spiritu.
2141 1894 2148 1907 ·

1276 1962 1387 2031 accepit.
1416 1979 1419 1986 ·

1311 2052 1355 2105 lb.
1384 2050 1458 2125 [uera
1479 2054 1535 2129 lb]
1560 2055 1684 2114 Dominus
1703 2062 1823 2118 diluuium
1844 2065 1990 2122 inhahitet:
2008 2069 2060 2124 Do·

1277 2141 1364 2197 minus
1376 2157 1440 2214 ergo
1460 2147 1574 2215 primurn
1594 2149 1722 2207 inhabitat
1735 2153 1860 2210 ditontnrn
1884 2158 1961 2228 hrrjus
1973 2162 2062 2218 saecoli

1277 2229 1305 2284 io
1317 2233 1415 2287 sanctis
1427 2235 1501 2299 suis,
1517 2245 1640 2308 unquam
1655 2242 1680 2295 ia
1695 2258 1755 2298 arca
1768 2286 1775 2310 ,
1790 2245 1824 2298 ita
1840 2246 1864 2300 in
1881 2248 1999 2304 Ecclesia
2013 2266 2062 2306 cu·

1276 2322 1390 2386 eluditis.
1406 2324 1439 2379 lit
1449 2328 1542 2382 redebit
1553 2328 1676 2388 Dominus
1686 2350 1731 2389 ree
1741 2335 1768 2389 in
1778 2348 1896 2392 eternium
1908 2356 1917 2394 :
1928 2350 1955 2395 et
1965 2342 2060 2399 deinde

1276 2414 1377 2470 sedebit
1391 2432 1504 2487 regnans
1518 2420 1544 2474 in
1556 2422 1595 2476 eis
1610 2424 1636 2476 ia
1650 2434 1788 2481 aeteruum.

1315 2506 1358 2561 tt.
1379 2504 1454 2578 [uere
1470 2508 1524 2583 ll.]
1544 2511 1667 2568 Dominus
1680 2515 1793 2571 merrtem
1808 2522 1901 2589 populo
1915 2523 2063 2580 suodedit:

1276 2595 1337 2664 quia
1350 2597 1475 2653 Dominus
1483 2598 1606 2657 virtutem
1617 2605 1714 2674 populo
1724 2620 1772 2661 suo
1781 2617 1872 2663 contra
1882 2609 1960 2680 hujus
1969 2612 2061 2667 mundi

1278 2689 1407 2756 procellas
1420 2700 1447 2746 et
1459 2692 1577 2749 turbines
1588 2693 1722 2750 dimicanti
1735 2697 1817 2765 dabit,
1834 2701 1894 2770 quia
1908 2716 1999 2771 pacem
2012 2704 2062 2758 illis

1277 2777 1303 2830 iu
1319 2776 1369 2833 hoe
1383 2780 1480 2835 nrrrndo
1494 2798 1545 2837 non
1558 2786 1688 2852 promisit.
1704 2786 1827 2845 Dominus
1837 2788 1964 2847 benedicet
1977 2811 2060 2864 popu·

1277 2866 1329 2920 lunr
1344 2885 1416 2922 errrnn
1430 2870 1456 2923 in
1470 2888 1530 2940 poce
1541 2888 1550 2927 .·
1562 2882 1590 2928 et
1604 2874 1672 2929 idem
1688 2876 1814 2933 Dominus
1828 2879 1965 2937 benedicet
1981 2898 2062 2952 popu-

1277 2956 1330 3012 lum
1340 2974 1426 3022 suum,
1439 2962 1464 3016 in
1475 2962 1563 3033 scipso
1573 2964 1608 3019 illi
1622 2981 1711 3034 pacem
1724 2980 1850 3036 praestans
1860 2987 1867 3036 ;
1879 2973 2012 3041 quoniam,
2025 2975 2061 3029 irr-

1276 3050 1342 3120 qrtit,
1361 3051 1452 3106 Pocenr
1461 3071 1541 3109 nreorn
1557 3055 1589 3110 do
1597 3056 1673 3116 uobis,
1686 3074 1772 3128 pacem
1784 3075 1863 3115 recum
1871 3063 1982 3133 relirrouo
1993 3065 2059 3120 rolin

1277 3137 1363 3205 (errr.
1380 3157 1437 3204 ιιι.
1450 3142 1508 3214 27).

1474 3348 1514 3409 ΙΝ
1535 3350 1723 3414 PSALMUM
1743 3353 1853 3416 xxix

1540 3473 1737 3531 ENdlllithD
1758 3477 1777 3530 l.

1280 3577 1313 3632 ln
1321 3581 1397 3649 tirreni
1409 3580 1527 3639 Paelrrrus
1536 3583 1632 3640 Cantici
1639 3585 1801 3643 dedicationis
1809 3591 1898 3646 dotatur
1907 3593 1957 3663 ipsi
1967 3573 2051 3649 Dauid
2054 3636 2060 3649 .

1323 3690 1349 3744 l.
1369 3689 1442 3764 [ocra
1456 3691 1496 3766 1.]
1513 3693 1542 3748 ln
1556 3694 1634 3750 bncm
1647 3696 1766 3752 Psalmus
1782 3700 1877 3755 tantalo
1891 3707 2063 3760 resurreetio·

1288 3781 1329 3834 nis
1342 3790 1421 3850 atque
1434 3783 1460 3837 in
1472 3782 1646 3840 immortalem
1659 3797 1755 3842 statum
1768 3793 1919 3848 mutationis
1931 3805 2009 3863 atque
2022 3797 2062 3848 io-

1278 3873 1424 3928 novationis
1438 3877 1575 3947 corporis,
1596 3895 1648 3932 non
1664 3888 1765 3935 martum
1785 3883 1907 3949 Domini,
1924 3886 2062 3940 sedetiam

1278 3963 1357 4018 totius
1372 3966 1506 4022 Ecclesiae.
1520 3967 1585 4021 Nara
1599 3967 1625 4024 in
1639 3971 1771 4039 superiori
1789 3975 1890 4043 psalmo
1908 3975 2062 4031 tabernacu-

1277 4054 1331 4109 lum
1343 4067 1555 4114 consummatum
1568 4069 1618 4125 cst,
1632 4063 1674 4116 obi
1689 4063 1837 4119 lrabitannrs
1849 4067 1907 4121 belli
1921 4076 2040 4138 tempore
2053 4088 2060 4123 a

1277 4161 1347 4200 rtrrne
1362 4159 1447 4204 antem
1460 4150 1555 4206 domus
1568 4151 1714 4218 dedicatur,
1730 4171 1788 4225 quae
1802 4157 1828 4210 in
1842 4159 2002 4228 sempiterna
2016 4179 2069 4232 paq

1277 4253 1308 4293 ce
1322 4241 1495 4306 permanebit.

1311 4327 1338 4380 i.
1360 4327 1433 4399 [aem.
1449 4330 1489 4404 1.]
1509 4331 1628 4387 Christus
1646 4335 1734 4406 itaque
1749 4347 1819 4394 totrrs
1832 4340 1948 4411 loquitur
1963 4361 1970 4398 :
1984 4343 2064 4400 Ecol-

1278 4420 1334 4472 lobo
1347 4429 1379 4484 te,
1396 4418 1511 4488 Domine,
1527 4424 1645 4492 guertium
1656 4429 1785 4497 suscepisti
1803 4446 1842 4483 nte
1854 4447 1863 4484 .·
1874 4433 2061 4490 sublimitatem

1278 4518 1347 4563 tuam
1365 4511 1484 4576 laudabo,
1502 4513 1632 4581 Dorrrine,
1647 4519 1771 4586 quoniam
1787 4524 1925 4590 suscepisti
1940 4541 1991 4580 me.
2010 4526 2063 4580 blec

1273 4602 1420 4670 jucurrdorti
1433 4605 1545 4660 inimicos
1557 4623 1623 4661 areos
1641 4626 1715 4680 super
1736 4629 1795 4666 ore:
1810 4630 1915 4671 urceos
1928 4619 2063 4686 qrri'totlcs

1277 4692 1356 4746 uariis
1374 4708 1422 4762 per
1439 4696 1529 4749 orbem
1551 4701 1776 4763 persecutionibus
1792 4719 1833 4758 ure
1852 4708 2002 4776 opprimere
2016 4725 2062 4765 co·

1277 4784 1331 4837 nati
1345 4792 1422 4847 sunt,
1435 4784 1586 4851 jrrcundasti
1599 4804 1680 4858 snper
1693 4808 1745 4846 me.

1313 4876 1339 4930 5.
1359 4874 1433 4946 [uera.
1449 4876 1487 4948 5.]
1509 4876 1614 4934 Dentirre
1633 4880 1701 4937 Deua
1718 4900 1800 4950 rrrcur,
1816 4887 1921 4941 cleronei
1934 4891 1967 4942 ml
1985 4899 2027 4958 lc,
2041 4901 2082 4946 etr

1200 5006 1202 5011 .
1277 4968 1372 5022 terrarii
1392 4983 1431 5020 rue
1444 4983 1453 5020 :
1466 4968 1574 5037 llorrrinc
1595 4972 1663 5027 Deus
1682 4990 1777 5040 rneus,
1798 4977 1906 5032 elarnati
1926 4981 1957 5035 ad
1979 4989 2003 5036 to
2015 5024 2023 5044 ,
2037 4993 2065 5038 nt

1277 5072 1375 5127 coranus
1387 5060 1546 5115 rnrntalitate
1560 5065 1677 5118 saucium
1691 5073 1718 5120 et
1732 5083 1830 5135 agrum
1844 5069 1898 5138 jam
1913 5087 1963 5124 nrm
1976 5088 2049 5143 gero.

1312 5152 1338 5206 4.
1359 5149 1441 5223 [oete.
1452 5155 1477 5208 l.
1491 5153 1501 5226 ]
1521 5153 1646 5223 Domine,
1660 5158 1779 5213 reduxisti
1791 5162 1822 5213 ub
1842 5163 1929 5231 inieris
1953 5167 2063 5222 rcrirnnm

1276 5260 1374 5311 nteonr,
1394 5246 1489 5300 saluum
1511 5249 1591 5320 [eristi
1610 5266 1648 5303 ore
1667 5253 1897 5309 oderceodratibna
1921 5259 1944 5311 in
1960 5259 2065 5314 locnrnt

1277 5333 1378 5388 salrum
1399 5334 1482 5390 iecisti
1503 5352 1572 5391 mea
1596 5338 1748 5394 conditione
1770 5343 1905 5411 prolrrrrdm
1919 5350 2043 5403 eneimt'in

1277 5433 1357 5493 angue
1370 5424 1454 5478 intimi
1467 5426 1521 5479 limi
1533 5429 1712 5496 corruptibilis
1726 5433 1822 5488 mritis.

1311 5515 1338 5571 5.
1359 5511 1447 5587 [ocra.
1461 5513 1510 5588 5.]
1533 5514 1638 5572 Proliite
1652 5517 1759 5576 Donrino
1782 5527 1862 5577 teneti
1887 5528 1942 5595 ejus
1953 5530 2065 5583 :exsul-

1278 5615 1313 5662 tat
1339 5605 1471 5676 Propheta
1498 5608 1583 5664 lotura
1607 5610 1655 5664 ista
1684 5627 1808 5681 cernens,
1829 5626 1856 5671 ct
1878 5619 1969 5687 dieit¹,
1989 5620 2064 5677 Ptol·

1277 5698 1321 5751 lite
1339 5696 1447 5752 Domino
1464 5701 1545 5753 suncti
1565 5703 1630 5770 ejus.
1646 5701 1680 5758 br
1694 5699 1847 5774 confitenrirri
1861 5712 1986 5765 memorie
2004 5729 2066 5765 narra

1277 5789 1369 5843 ctitotis
1392 5790 1445 5860 rina
1464 5799 1515 5845 :et
1530 5792 1691 5848 confitemini
1706 5797 1730 5851 ei
1748 5799 1817 5866 qrrod
1839 5802 2064 5870 sanctitatisque

1276 5893 1324 5932 ros
1339 5880 1521 5938 sanctiticarit.
1537 5895 1587 5936 non
1607 5892 1648 5938 est
1661 5885 1768 5954 oblitos,
1779 5904 1838 5944 cnm
1851 5898 1934 5945 totum
1945 5890 2062 5947 boeme-

1276 5968 1349 6024 diurn
1361 5979 1462 6040 tempus
1472 5970 1604 6028 desiderio
1617 5984 1704 6029 restro
1715 5973 1820 6048 longum
1833 5989 1913 6034 essct.

1309 6106 1317 6135 ¹
1331 6110 1382 6153 ttsr.
1394 6116 1480 6166 unguo
1492 6118 1620 6168 cumeusu,
1628 6105 1762 6158 derelict...
1771 6114 1794 6158 et
1804 6107 1879 6159 deon
