5025 6925
437 659 489 716 sta

437 774 551 832 Proludc
571 774 629 830 sinc
649 771 813 827 dubitatione
834 785 886 824 nun
905 778 986 825 utttnt
999 766 1154 824 consensuri
1177 784 1221 837 tpu

438 869 529 940 scripti
551 878 622 923 suut.
647 866 692 921 lsti
713 879 777 937 crgo
798 862 931 936 quomodo
944 862 1007 919 inde
1027 861 1159 928 delentur,
1176 862 1222 917 ulti

438 973 573 1030 nuttquam
598 956 689 1026 scripti
710 954 794 1010 sunt?
817 953 872 1009 llne
894 952 992 1009 dictant
1014 960 1055 1007 est
1074 951 1219 1007 secundom

441 1065 514 1121 spent
534 1048 667 1117 ipsorum,
681 1046 741 1117 quia
760 1046 809 1116 ipsi
826 1060 856 1101 se
875 1045 986 1114 scriptos
1000 1043 1137 1114 putabant.
1152 1042 1222 1108 Quid

437 1152 489 1205 est,
502 1139 641 1201 Delectatur
653 1138 683 1192 de
696 1137 759 1191 libro
772 1137 848 1191 ute?
862 1136 896 1191 Et
907 1136 971 1205 ipsis
983 1143 1085 1189 constet
1097 1148 1149 1189 non
1163 1133 1223 1187 illos

439 1229 474 1285 ibi
488 1245 559 1285 csse.
576 1231 613 1285 Et
628 1229 678 1284 bac
691 1227 824 1283 locutione
838 1226 937 1282 dictam
950 1233 992 1281 est
1003 1224 1029 1279 in
1042 1225 1095 1277 alio
1108 1224 1221 1294 psalmo,

438 1324 535 1379 Cadent
548 1341 564 1377 a
576 1324 654 1378 latere
668 1332 710 1377 tao
728 1321 814 1387 atille,
828 1329 852 1374 et
864 1320 929 1374 droa
943 1318 1023 1373 miliia
1035 1334 1051 1370 a
1064 1316 1158 1371 dextris
1172 1316 1222 1370 teir

440 1414 526 1487 (Preti.
539 1431 586 1483 xc,
600 1417 648 1486 l);
671 1414 769 1478 idest,
787 1412 864 1467 multi
876 1408 1133 1475 scandalizabuntur,
1147 1417 1174 1462 et
1188 1422 1222 1462 er

440 1522 473 1562 eo
489 1522 600 1561 numero
622 1506 666 1577 qui
681 1520 712 1561 se
731 1504 874 1574 sperabant
888 1515 1009 1557 munros
1030 1510 1134 1566 tecum,
1149 1508 1177 1554 et
1189 1515 1222 1554 ex

439 1613 473 1652 eo
488 1613 598 1653 numero
619 1596 665 1667 qui
687 1611 717 1651 se
737 1594 879 1665 sperabant
901 1600 1017 1647 staturos
1035 1589 1068 1644 ad
1086 1589 1223 1645 dexteram

440 1697 529 1755 tuatn,
543 1687 658 1759 separati
670 1686 703 1741 ab
715 1684 800 1740 hedis
814 1682 928 1739 sinistris
940 1682 950 1752 l
962 1679 1055 1756 blatta.
1069 1695 1135 1746 xxv,
1149 1678 1201 1751 55)
1216 1698 1223 1735 :

440 1795 493 1834 non
516 1795 576 1850 tpua
596 1793 656 1834 eum
679 1776 714 1831 ibi
734 1770 841 1831 steterit
849 1774 960 1844 aliqttis,
973 1782 1064 1843 postet
1078 1771 1164 1836 cadet,
1179 1781 1225 1827 aut

344 1897 346 1901 ·
441 1885 501 1925 etun
516 1869 614 1924 sederit
628 1883 687 1923 cum
708 1867 752 1922 illo
765 1866 914 1936 quisquam,
932 1863 1087 1934 abjicietur;
1102 1861 1149 1918 sed
1164 1862 1225 1931 qula

441 1961 519 2015 multi
531 1960 616 2014 casuri
630 1967 707 2015 erant
723 1959 749 2013 in
763 1957 937 2021 scandalum,
951 1957 994 2025 atui
1005 1955 1059 2025 jam
1074 1955 1110 2010 ibi
1123 1970 1153 2010 se
1165 1969 1226 2011 csse

441 2050 587 2121 putabant;
610 2050 635 2105 id
656 2061 707 2117 est,
730 2048 805 2103 multi
826 2049 871 2118 qni
890 2062 919 2102 se
941 2046 1083 2118 sperabant
1103 2060 1225 2101 sessuros

440 2150 539 2205 tecum,
551 2140 626 2195 ntolti
638 2141 682 2211 qui
692 2147 897 2209 sespcrarerant
910 2146 1024 2192 staturos
1033 2138 1066 2191 :td
1077 2136 1224 2203 dextetam,

442 2233 491 2304 ipsi
506 2233 592 2288 casuri
606 2241 678 2287 sunt.
690 2231 733 2287 Sic
746 2245 809 2301 erga
824 2238 853 2286 et
865 2229 908 2286 ltic
927 2230 965 2283 illi
982 2230 1026 2299 qui
1040 2244 1070 2285 se
1082 2228 1225 2296 speraliant

442 2331 568 2393 tartonam
589 2324 684 2379 merito
701 2322 809 2393 justitie
832 2336 887 2377 atae
910 2320 936 2375 io
957 2319 1023 2374 libro
1037 2320 1149 2390 scriptos
1167 2319 1225 2384 lici,

440 2418 536 2487 qulbus
548 2416 655 2482 dicitnr,
671 2414 826 2471 Scrutmut'ui
840 2412 997 2482 Scripturas,
1011 2411 1037 2465 io
1050 2412 1139 2481 paitrus
1152 2419 1227 2479 pato·

440 2510 473 2563 tis
485 2525 528 2562 ror
542 2509 618 2562 uitam
630 2518 749 2563 eternam
763 2507 853 2559 habuc
868 2503 956 2576 (laea.
969 2519 996 2570 tt,
1012 2503 1057 2573 39>
1072 2522 1079 2557 :
1093 2517 1152 2556 cum
1168 2517 1228 2571 pcr-

440 2601 520 2656 docta
542 2599 620 2656 luerit
639 2599 774 2654 damnatio
791 2612 883 2654 eoram
898 2597 977 2653 ctiam
996 2594 1030 2649 ad
1049 2593 1226 2664 cognitionem

442 2708 552 2757 ettnrtn,
566 2690 726 2746 delebuntur
743 2689 778 2745 de
796 2688 863 2744 libro
878 2686 1042 2750 viventium,
1058 2684 1084 2739 id
1103 2692 1160 2750 ast,
1174 2696 1227 2737 uon

442 2783 477 2837 itti
492 2798 521 2837 so
536 2796 595 2837 esse
607 2788 778 2852 cognoscent.
790 2778 856 2833 Nam
871 2775 964 2833 tersus
977 2776 1022 2847 qui
1036 2774 1166 2846 sepultor,
1181 2765 1227 2830 ex-

442 2873 517 2944 ponit
530 2872 599 2944 qttod
614 2872 767 2928 dictumest
783 2888 789 2924 :
806 2868 840 2924 Et
853 2886 908 2924 cum
917 2869 1059 2940 jortisnoo
1076 2868 1227 2923 radientur.

444 2967 503 3022 tliri
516 2981 589 3037 ergo,
603 2965 748 3031 neteanoo,
763 2961 908 3019 secundnm
923 2976 998 3032 spem
1012 2975 1120 3025 eoram3
1135 2974 1229 3015 sccun-

443 3058 506 3115 dunt
515 3069 601 3113 autem
613 3058 762 3128 equitatem
772 3065 842 3110 tuam
850 3054 911 3125 qnid
925 3053 1002 3109 dicul
1013 3051 1229 3107 Nonacrilautar.

480 3153 523 3207 11.
539 3149 624 3224 [cers.
637 3149 700 3223 db]
725 3131 826 3221 Pottper
845 3158 868 3203 et
889 3146 976 3201 dotent
995 3162 1040 3218 epo
1058 3162 1122 3200 mat.
1143 3144 1231 3211 Quare

444 3243 517 3299 ltoet
539 3244 580 3297 Διι
602 3251 631 3298 ιιι
653 3255 858 3313 agnosceremus
875 3239 946 3310 qnod
966 3253 1013 3309 per
1026 3236 1229 3292 amaritudinem

444 3334 526 3388 anintl
546 3332 680 3389 maledicit
701 3323 801 3404 pauper
821 3331 893 3387 latei
911 3329 992 3385 llulta
1007 3329 1077 3385 enim
1092 3326 1230 3398 dixitque

445 3426 499 3483 illis
517 3428 649 3482 eveniant.
673 3426 706 3482 Et
727 3425 801 3497 quasi
821 3424 845 3481 ei
861 3423 1025 3484 diceremus.
1039 3421 1135 3493 thuid
1149 3421 1231 3476 talia?

445 3519 499 3572 noli
515 3527 635 3582 tantum;
657 3517 800 3588 respondet
816 3534 823 3569 :
844 3515 948 3586 Pauper
962 3524 984 3569 et
1003 3515 1091 3569 dolens
1106 3530 1151 3584 epo
1165 3530 1230 3567 sam.

446 3609 632 3664 l‘crtluxemot
654 3624 697 3665 me
719 3608 752 3662 ad
771 3616 931 3678 egestatem,
952 3606 984 3661 ad
1009 3606 1086 3661 lsttutt
1113 3606 1231 3660 dolarent

445 3701 643 3770 deposttcruot;
665 3699 724 3756 ideo
745 3699 794 3755 ista
809 3699 878 3754 dico.
894 3692 1005 3753 tton'est
1024 3707 1112 3752 tamen
1132 3706 1231 3751 stoma·

446 3792 536 3848 citatio
550 3791 744 3858 maledicentis,
755 3791 803 3848 sed
815 3790 950 3861 praedictio
960 3788 1151 3860 prophetantis.
1166 3787 1232 3843 Nam

445 3883 480 3939 tle
494 3891 649 3953 paupertate
661 3897 708 3938 sua
722 3891 749 3938 et
768 3880 860 3938 dolore
873 3895 922 3936 suo
939 3880 1059 3952 qttaedam
1072 3896 1131 3950 quae
1145 3890 1233 3948 poste·

447 3974 504 4030 rins
524 3973 597 4036 dicit,
621 3973 854 4030 commendaturus
877 3981 918 4026 est
939 3971 1026 4038 nobis,
1051 3981 1079 4026 ut
1100 3972 1233 4026 discamus

446 4079 507 4121 csse
520 4080 650 4136 pauperes
662 4075 689 4120 ct
704 4065 834 4121 dolentes.
855 4060 928 4118 Bruti
939 4063 1009 4119 euim
1023 4079 1153 4133 pauperes,
1169 4080 1232 4134 puo-

447 4157 515 4210 rtiam
526 4157 636 4228 ipsarum
646 4167 682 4212 ert
692 4173 795 4228 reportat
807 4157 944 4219 celorum:
957 4162 993 4216 et,
1004 4152 1075 4207 Bruti
1085 4154 1127 4224 pai
1137 4155 1231 4225 lugent,

447 4249 566 4317 prtartiam
578 4251 627 4320 ipsi
640 4251 836 4305 consolabantur
849 4248 954 4321 (Malta.
967 4266 993 4316 v,
1008 4250 1034 4315 5,
1044 4234 1086 4320 5).
1104 4247 1159 4305 11οι
1170 4265 1234 4320 ergo

448 4340 506 4409 ipsc
517 4340 589 4409 prius
599 4342 653 4410 jam
669 4342 746 4397 uobis
760 4331 876 4398 ostendit
888 4359 895 4407 ;
910 4349 937 4396 et
951 4339 1021 4406 ideo,
1036 4339 1139 4410 Pauper
1152 4351 1174 4395 et
1188 4341 1235 4396 do·

448 4431 560 4502 lenstgo
578 4431 755 4486 comiatum
776 4448 873 4501 eorpus
887 4432 944 4501 ejus
964 4431 1016 4487 ltoe
1035 4431 1109 4487 dicit.
1132 4432 1234 4502 Corpus

448 4519 587 4574 christiin
607 4521 658 4577 liae
672 4532 742 4577 tarra
762 4537 863 4594 pauper
875 4534 918 4578 est
937 4533 964 4578 et
983 4522 1087 4579 dolens.
1109 4521 1161 4578 Sed
1180 4524 1235 4578 sint

446 4604 544 4666 divites
557 4609 711 4666 Christiani.
731 4612 843 4668 Prorsus
855 4614 878 4668 si
893 4612 1034 4669 Christiani
1047 4621 1118 4678 sunt,
1132 4629 1233 4685 paupe·

462 4715 492 4756 cs
502 4708 580 4767 strot;
596 4700 621 4755 in
636 4703 834 4771 comparatione
846 4702 996 4759 divitiarum
1010 4704 1158 4760 cmlestium
1169 4719 1235 4773 otras

396 4837 399 4844 .
448 4804 566 4864 sperant,
579 4809 658 4851 omne
667 4810 759 4851 aarum
774 4809 850 4852 samm
865 4812 972 4853 arenam
985 4795 1121 4867 deputant.
1134 4796 1235 4868 Pauper

447 4894 473 4939 et
487 4886 574 4941 doleas
588 4903 633 4959 cpe
644 4903 711 4942 sum.
1053 4951 1055 4954 g

486 4977 530 5033 15.
544 4977 618 5050 [uera
632 4974 689 5052 51]
701 4975 734 5033 ut
744 4977 815 5034 salua
825 4979 907 5033 uultur
917 4979 963 5043 tui,
974 4978 1050 5041 dors,
1063 4980 1171 5050 suscepit
1181 4996 1231 5035 ure.

450 5067 580 5139 Nattoquid
596 5071 718 5127 desertus
732 5080 773 5127 cst
786 5087 887 5143 pauper
900 5071 969 5127 iste?
978 5070 1090 5139 Quando
1101 5081 1128 5126 tu
1141 5072 1234 5143 digua·

450 5161 489 5215 ris
500 5176 645 5229 pannosum
660 5180 802 5236 pauperem
818 5163 951 5237 applicare
964 5164 997 5219 ad
1012 5179 1131 5219 mensam
1146 5165 1235 5219 utam?

451 5249 534 5305 Porro
545 5263 633 5308 autem
647 5271 790 5328 pauperem
802 5255 881 5311 istum
891 5253 962 5310 saltis
976 5256 1066 5310 rullus
1082 5254 1128 5309 liei
1146 5269 1236 5311 susce·

451 5342 507 5414 plt;
529 5343 554 5396 ln
574 5346 645 5400 voltu
665 5362 714 5402 suo
733 5346 872 5403 abscondit
890 5347 948 5418 ejus
969 5356 1123 5418 egestatem.
1138 5346 1177 5401 lle
1189 5346 1235 5401 illo

425 5473 427 5476 -
450 5433 549 5506 quippe
561 5434 659 5490 dictum
672 5445 714 5492 est
725 5455 732 5492 :
745 5439 885 5494 limandos
895 5455 937 5494 eor
948 5439 975 5494 itt
990 5438 1136 5493 abscondita
1150 5429 1235 5492 uultur

451 5526 488 5578 toi
499 5522 587 5596 (Psal.
597 5539 660 5592 xxx,
672 5526 730 5598 tl).
745 5529 773 5583 lo
786 5529 832 5585 illo
843 5540 931 5586 autem
943 5530 1015 5585 tutto
1031 5545 1090 5600 que
1103 5528 1157 5582 sint
1168 5528 1235 5616 ¹diri·

451 5616 495 5672 tim
508 5615 588 5671 vultis
601 5620 698 5672 nosse?
710 5619 812 5675 Divitia
832 5620 890 5675 istae
911 5620 960 5675 boc
982 5620 1028 5676 tibi
1049 5629 1189 5688 prestant,
1207 5627 1235 5673 at

448 5708 521 5778 quod
533 5709 588 5774 tis,
602 5710 707 5779 quando
725 5711 779 5777 tis,
800 5712 946 5780 praudcas;
962 5712 1013 5767 illm
1026 5726 1105 5776 roro,
1126 5720 1155 5764 ut
1169 5726 1236 5765 nun-

448 5816 529 5875 quam
540 5800 651 5864 esttries.
666 5799 766 5872 Pauper
775 5815 798 5855 er
806 5803 894 5856 doleas
903 5818 949 5873 epo
960 5818 1031 5866 ram;
1041 5811 1064 5855 et
1074 5801 1143 5855 solur
1154 5800 1236 5854 rullus

452 5894 499 5961 tri,
514 5893 591 5960 deus,
605 5896 713 5964 ruuepd
722 5911 770 5948 ote.
781 5895 912 5966 Ad‘quam
924 5894 999 5949 rem?
1012 5893 1046 5949 Ut
1057 5895 1111 5961 iarn
1122 5907 1174 5946 non
1186 5893 1234 5946 sim

375 6026 377 6036 .
452 5999 562 6057 pauper,
575 6002 628 6040 non
641 5986 691 6042 situ
703 5986 807 6042 dolens,
820 5987 940 6042 Marinio
950 6003 1038 6040 aenaea
1051 5985 1096 6037 net
1108 6001 1163 6038 earu
1175 6000 1236 6037 cort-

454 6077 518 6139 ticu,
530 6077 695 6148 utopnipcabo
707 6094 762 6133 euro
778 6076 972 6135 inlaudatam
987 6075 1085 6131 dictum
1100 6081 1155 6137 esl;
1171 6089 1235 6142 pau-

1039 657 1068 712 S.
1088 652 1270 712 aucusrntt
1291 651 1442 711 sciscunt

2009 661 2065 722 tot

1277 783 1325 838 per
1346 769 1394 824 iste
1417 768 1507 823 laudat
1523 784 1620 831 nomen
1637 769 1681 825 liei
1696 785 1756 826 eum
1773 772 1893 840 cantico,
1907 773 2060 846 magnificat

1275 873 1335 913 eunt
1351 859 1376 913 itt
1387 858 1472 913 laude.
1484 860 1595 927 Quattdo
1608 860 1717 917 autlcret
1726 870 1843 924 eantare,
1856 864 1907 918 nisi
1921 875 2059 922 recreatos

1275 960 1347 1004 essct
1359 964 1373 1003 n
1390 949 1476 1006 larun?
1487 950 1607 1006 tortario
1619 969 1707 1005 rtottten
1719 951 1766 1006 net
1778 970 1835 1007 caut
1846 958 1954 1022 cantico,
1966 960 2061 1028 magni·

1276 1040 1355 1109 psalte
1375 1058 1431 1094 earn
1452 1043 1478 1095 io
1498 1042 1581 1097 lande.
1601 1043 1701 1114 linguae
1723 1044 1838 1102 diuitiae!
1857 1047 1929 1117 Quas
1943 1065 2063 1119 getttotas

1276 1129 1362 1184 laudis
1375 1130 1421 1185 Dei
1434 1132 1467 1187 de
1480 1132 1604 1188 thesauro
1618 1134 1743 1190 interiore
1756 1139 1877 1206 protulit!
1889 1136 2062 1211 Magnificatur

1275 1237 1332 1274 eunt
1345 1221 1371 1275 io
1384 1221 1468 1277 luade.
1482 1223 1528 1278 llas
1548 1231 1611 1278 sunl
1632 1224 1731 1281 diuitiae
1745 1242 1819 1282 mem.
1834 1227 1961 1283 dominus
1976 1230 2063 1298 aedit,

1275 1309 1400 1366 Dantiotu
1421 1313 1535 1368 abstulit.
1549 1314 1619 1385 Ergo
1637 1316 1720 1371 miser
1733 1319 1874 1376 remansit?
1891 1318 1980 1375 Absit.
2000 1321 2063 1376 lide

1275 1401 1401 1457 divitias:
1419 1404 1490 1459 Sicut
1500 1404 1610 1461 Dootiuo
1626 1408 1731 1478 placuit,
1743 1409 1778 1463 ita
1791 1410 1885 1480 {aetam
1900 1421 1954 1476 est,·
1969 1413 2004 1466 sit
2016 1431 2063 1466 rto·

1279 1513 1335 1550 naeu
1344 1494 1610 1554 Dantioibcrtedictttm
1634 1499 1694 1573 (latr
1713 1518 1731 1570 t,
1752 1503 1809 1575 il).
1829 1504 1952 1562 Madaba
1965 1497 2062 1563 ¹rtotttett

1277 1586 1325 1641 net·
1338 1604 1395 1665 caup
1409 1590 1516 1654 contire,
1530 1592 1695 1663 mapoipicalro
1706 1610 1763 1648 eant
1774 1596 1800 1649 ia
1812 1596 1897 1652 ιιιιιιιε.

1313 1679 1356 1735 16.
1373 1678 1447 1753 [cers.
1463 1681 1519 1755 32]
1536 1682 1568 1737 Et
1582 1676 1763 1756 praetenues,
1779 1687 1830 1744 ltoc
1843 1690 1913 1760 qrtod
1928 1706 1991 1746 eom
2008 1693 2062 1745 tut·

1277 1767 1357 1837 dabo,
1371 1770 1493 1841 placebit,
1509 1790 1584 1844 super
1593 1776 1697 1829 ululant
1710 1767 1843 1844 nouellaret,
1859 1797 1955 1834 cornua
1968 1784 2062 1851 prodo·

1279 1870 1406 1916 ceoreotet
1418 1862 1534 1932 trapetas.
1546 1861 1652 1920 Gratius
1667 1866 1703 1921 illi
1717 1868 1767 1922 erit
1783 1870 1944 1926 sacriltcium
1957 1874 2060 1939 laudis,

1278 1968 1356 2022 quant
1369 1953 1525 2010 sacrificium
1541 1956 1626 2011 vituli.
1640 1958 1802 2029 Sacrificium
1815 1963 1898 2017 laudis
1911 1965 2064 2035 ploripcotit

1277 2059 1317 2097 roe
1325 2061 1334 2108 3
1343 2053 1367 2097 ct
1381 2045 1415 2098 iii
1424 2046 1463 2099 ria
1474 2054 1511 2099 ert
1523 2046 1548 2099 io
1560 2064 1609 2118 pua
1622 2048 1751 2103 ostendam
1763 2051 1802 2105 illi
1812 2053 1994 2110 mlawrellei.
2009 2054 2063 2109 lot·

1278 2136 1346 2190 mola
1355 2135 1409 2192 uer
1419 2138 1571 2207 sacrificium
1585 2140 1678 2204 laudis,
1689 2150 1713 2196 et
1722 2143 1798 2197 redde
1808 2143 1934 2201 ditissima
1949 2158 2008 2201 roto
2021 2158 2064 2203 trra

1279 2226 1362 2296 (Psoi.
1378 2217 1454 2293 aux,
1469 2225 1513 2294 23,
1528 2229 1584 2301 ll).
1597 2230 1668 2299 Ergo
1680 2210 1793 2287 laudabo
1809 2234 1909 2299 lieum;
1924 2244 1951 2290 et
1966 2238 2028 2306 plus
2040 2239 2064 2293 ei

1279 2318 1392 2389 placebit
1403 2334 1482 2391 qaam
1495 2322 1592 2376 vitulus
1605 2322 1742 2390 novellos,
1755 2339 1854 2380 cornua
1873 2327 2025 2395 producens
2038 2340 2065 2384 et

1278 2411 1402 2481 ungulas.
1414 2413 1536 2483 Amplius
1556 2429 1619 2484 ergo
1632 2416 1746 2485 placebit
1760 2416 1815 2472 lieo
1828 2417 1885 2473 laus
1897 2419 1957 2487 ejus
1971 2422 2064 2477 exiens

1279 2503 1312 2559 de
1326 2518 1374 2559 ore
1388 2519 1457 2569 meo,
1471 2520 1549 2575 quam
1563 2521 1657 2577 magro
1672 2507 1778 2562 victima
1799 2509 1912 2565 adducta
1935 2512 1970 2566 ad
1993 2528 2064 2567 aratu
2114 2556 2119 2567 .

1279 2594 1371 2665 ipsius.
1385 2597 1426 2651 An
1439 2596 1537 2666 aliquid
1550 2595 1583 2653 de
1596 2599 1722 2655 carnibus
1733 2610 1760 2654 et
1771 2602 1876 2671 ungulis
1895 2603 1972 2658 rituli
1990 2604 2065 2674 ltujtu

1279 2685 1419 2758 dicendum
1434 2690 1493 2744 esti
1505 2688 1555 2756 Qui
1570 2689 1638 2746 bene
1651 2690 1796 2747 instrttctus
1808 2702 1865 2753 est,
1880 2701 1908 2747 ct
1921 2693 2003 2750 laudo
2020 2696 2063 2751 ue

1280 2776 1436 2847 opulentos,
1459 2788 1487 2834 et
1506 2795 1604 2834 cornua
1618 2780 1697 2836 debet
1716 2781 1814 2838 habere
1828 2783 1925 2853 quibas
1942 2785 2066 2841 adversa·

1280 2870 1348 2923 rium
1357 2870 1476 2932 ventilet.
1485 2881 1513 2927 et
1522 2873 1634 2942 ungulas
1643 2873 1739 2943 quibos
1751 2883 1847 2930 terrant
1858 2876 1969 2932 excitet.
1980 2878 2068 2934 Nostis

1280 2963 1350 3017 enim
1365 2962 1417 3019 hoc
1428 2962 1517 3020 lacere
1530 2964 1626 3019 vitulos
1646 2966 1836 3035 pubescentes,
1854 2974 1881 3022 et
1895 2968 1920 3023 itt
1935 2970 2067 3024 taurinam

1280 3052 1416 3108 audaciam
1441 3053 1658 3124 grandescentes.
1680 3054 1745 3111 Nato
1772 3058 1833 3114 idea
1859 3059 1984 3114 novellus
2005 3069 2065 3123 est,

1281 3153 1392 3214 propter
1406 3144 1487 3201 attam
1511 3162 1615 3201 noram.
1634 3148 1736 3221 Aliquis
1755 3164 1820 3220 ergo
1838 3151 1981 3208 ltaererlcos
2002 3155 2068 3209 torte

1282 3236 1453 3304 contradicit;
1468 3239 1592 3294 cornibus
1605 3240 1757 3296 ventiletur.
1773 3241 1849 3298 allius
1867 3258 1920 3297 uon
1934 3246 2068 3300 contradi-

1281 3328 1337 3397 cit,
1351 3330 1397 3386 sed
1412 3339 1500 3387 tamen
1518 3339 1650 3387 terrenum
1664 3331 1766 3403 altjecte
1778 3335 1863 3403 sapit3
1878 3336 1983 3405 ungulis
1996 3337 2068 3392 etri·

1282 3430 1362 3481 tetur.
1374 3425 1443 3498 Erga
1457 3440 1537 3496 super
1547 3424 1617 3481 bunc
1629 3426 1738 3481 vitulum
1762 3425 1807 3482 tibi
1823 3428 1936 3498 placebit
1955 3428 2069 3485 laudatio

1284 3531 1356 3579 urea:
1370 3517 1425 3586 jam
1438 3515 1482 3572 illa
1495 3517 1503 3548 ¹
1520 3525 1579 3586 post
1591 3525 1771 3587 paupertatem
1782 3526 1809 3573 et
1821 3518 1940 3572 dolorem
1955 3521 1981 3573 io
1992 3529 2069 3573 ater·

1284 3622 1317 3661 na
1332 3607 1458 3662 societate
1476 3605 1637 3677 Angelorum
1650 3648 1657 3672 ,
1672 3608 1715 3661 ulti
1731 3623 1780 3663 occ
1793 3607 1961 3663 adversarius
1981 3611 2030 3665 erit
2045 3611 2073 3666 in

1284 3699 1428 3753 certamine
1454 3697 1638 3765 rentilamlus,
1666 3714 1715 3755 uec
1743 3699 1816 3769 piger
1838 3699 1872 3754 de
1900 3708 1972 3754 terra
1998 3702 2069 3755 caci-

1284 3788 1389 3843 ttntltts.

1304 3883 1363 3937 .li.
1378 3880 1451 3954 [terr.
1467 3878 1523 3953 55.]
1544 3880 1649 3935 Videant
1660 3881 1755 3951 inopes,
1768 3891 1791 3934 et
1801 3881 1927 3935 lacento.
1944 3881 2069 3945 Credant,

1284 3983 1310 4028 ct
1324 3989 1370 4044 spc
1384 3973 1523 4044 gattdeattt.
1535 3973 1615 4044 ,lingis
1636 3975 1728 4043 inopes
1742 3973 1812 4037 siut,
1832 3982 1861 4028 ut
1879 3978 1995 4029 saturari
2015 3993 2070 4032 nte·

1285 4076 1408 4133 reatttor;
1425 4083 1459 4121 ne
1472 4083 1532 4121 cunt
1552 4066 1685 4136 superbiae
1701 4068 1818 4137 sagittam
1829 4076 1945 4133 ructant,
1962 4081 2071 4139 negetur

1285 4158 1323 4213 eis
1344 4158 1418 4229 panis
1437 4174 1490 4228 quo
1508 4157 1651 4212 salubriter
1670 4158 1768 4210 vivant.
1791 4157 1900 4223 Qrttrrite
1921 4156 2069 4225 Dotttittotrt,

1286 4253 1394 4321 ittopcs;
1408 4251 1516 4317 esurite,
1530 4259 1557 4306 et
1569 4251 1639 4304 sitite
1652 4249 1756 4322 (ιιιιιι.
1770 4266 1801 4315 ι,
1814 4249 1841 4322 6)
1855 4270 1862 4305 :
1877 4252 1934 4319 ipse
1947 4261 1990 4306 est
2002 4255 2070 4307 enirn

1286 4346 1360 4417 panis
1382 4346 1458 4401 rirtts
1478 4348 1522 4415 otti
1546 4344 1579 4400 de
1601 4345 1668 4400 cmlo
1690 4345 1826 4400 desmate
1840 4345 1935 4415 (loru.
1951 4361 1994 4408 rr,
2010 4341 2070 4416 511.

1287 4439 1399 4506 Qttoerite
1410 4438 1557 4504 Dominum,
1569 4448 1592 4493 ct
1606 4439 1668 4492 uiuet
1681 4439 1766 4492 aniana
1778 4449 1867 4493 cestro.
1884 4440 2010 4507 Qttrcritis
2026 4457 2072 4508 pa·

1284 4531 1358 4594 bem,
1373 4537 1401 4583 ot
1412 4530 1482 4584 rirat
1492 4544 1554 4585 caro
1565 4539 1650 4584 restra
1662 4547 1669 4595 ;
1682 4530 1820 4585 bominum
1830 4530 1953 4599 quarite,
1965 4541 1994 4586 ut
2004 4533 2073 4586 rirat

1284 4622 1371 4676 anima
1387 4632 1482 4677 restra.

1321 4713 1364 4769 l8.
1381 4711 1456 4784 [uera.
1472 4711 1529 4785 51.]
1541 4712 1799 4780 Qttnuioateaoadioit
1809 4729 1931 4783 paauperes
1940 4713 2072 4769 Desitiates.

1286 4804 1425 4861 Exaudirit
1439 4820 1585 4875 pauperes;
1598 4820 1647 4858 nec
1661 4804 1798 4859 exaudiret
1812 4814 1952 4874 pauperes,
1970 4807 2020 4860 nisi
2033 4822 2073 4860 cs·

1286 4903 1346 4951 sent
1363 4910 1504 4965 pauperes.
1524 4895 1569 4949 prs
1590 4894 1729 4949 exandiril
1746 4895 1849 4964 Paoper
1862 4905 1921 4951 esto
1933 4914 1941 4950 :
1953 4897 2032 4952 dolor
2043 4898 2075 4953 de

1287 4994 1313 5040 te
1325 4986 1431 5054 clamet,
1445 5001 1497 5041 nott
1512 4985 1653 5040 fastidium.
1670 4985 1795 5050 Quoniam
1809 4987 1937 5041 exaudivit
1951 5007 2075 5059 pauperes

1287 5076 1429 5141 nortiam,-
1450 5087 1473 5131 ιι
1491 5078 1643 5146 cettrpeditas
1662 5093 1721 5131 strar
1738 5095 1788 5132 uon
1808 5080 1910 5147 spreuit.
1923 5079 2074 5136 Oll'ensusa

1287 5169 1390 5233 servis,
1406 5166 1468 5222 lecit
1480 5182 1528 5223 eos
1539 5167 1721 5239 compeditos;
1735 5168 1782 5222 sed
1795 5169 1941 5224 clamantes
1952 5171 1988 5226 de
2000 5186 2074 5226 cont-

1287 5261 1398 5331 pedibus
1418 5276 1470 5316 nou
1492 5261 1662 5333 contempsit.
1680 5263 1746 5330 Qua
1760 5271 1823 5317 sunt
1840 5263 1899 5320 istae
1910 5267 2075 5335 compedes?

1286 5353 1443 5421 Heraclitus,
1456 5353 1661 5423 corruptibilitas
1675 5355 1773 5418 carnis,
1787 5355 1929 5425 compedes
1945 5366 2005 5412 sunt
2020 5358 2075 5426 gai·

1288 5444 1337 5499 bus
1348 5444 1419 5514 ligati
1434 5458 1533 5498 sumus.
1549 5444 1581 5498 Et
1595 5444 1674 5500 tultis
1692 5460 1771 5501 nosse
1785 5446 1896 5501 istarum
1914 5447 2075 5517 compedum

1287 5534 1461 5607 grauitatem?
1479 5533 1543 5590 lnde
1560 5534 1675 5589 dicitnr:
1689 5533 1786 5606 Corpus
1804 5536 1871 5605 qtrod
1894 5539 2075 5607 eommpinrr,

1287 5634 1407 5698 appronat
1420 5625 1529 5679 animant
1541 5626 1552 5695 (
1564 5625 1627 5696 Sap.
1643 5640 1684 5692 tx,
1701 5627 1764 5697 15).
1779 5625 1891 5694 Quando
1906 5627 2030 5684 ltotnines
2050 5630 2076 5683 in

1288 5718 1385 5775 seculo
1397 5716 1494 5774 divites
1510 5732 1569 5773 esse
1583 5719 1689 5783 volunt,
1712 5718 1768 5772 istis
1788 5719 1962 5787 compedibus
1975 5736 2077 5791 pannos

1288 5820 1418 5883 (prterunt.
1443 5809 1494 5865 Sed
1518 5809 1649 5865 saluriam
1672 5811 1750 5879 panni
1775 5810 1933 5880 eotttpedunt
1951 5831 1957 5865 :
1976 5823 2077 5868 tantum

1321 5969 1328 5998 ι
1347 5968 1383 6015 sic
1393 5965 1500 6016 meliotis
1510 5973 1574 6015 notu
1585 5972 1637 6015 uss.
1651 5965 1701 6022 alii,
1710 5964 1838 6026 postillam
1847 5973 1907 6028 pou,
1916 5975 1965 6017 cte.
1977 5968 2077 6025 tamt,

1290 6043 1345 6079 ntttn
1356 6026 1422 6078 illam
1433 6036 1492 6088 past,
1505 6036 1552 6077 etc.
1566 6037 1614 6078 non
1633 6037 1709 6088 route,
1729 6030 1774 6078 nisi
1792 6028 1859 6079 illam
1877 6031 1973 6081 reterns
1989 6031 2021 6082 td
2042 6032 2077 6081 u'·

1291 6091 1362 6141 ecurt
1372 6092 1461 6152 ittopes,
1474 6097 1520 6139 etc.
