5025 6925
447 1761 450 1766 ι
524 1721 589 1776 deos
600 1732 674 1784 suos,
687 1718 756 1776 idola
769 1717 895 1783 adoreum
916 1717 1008 1773 oeulos
1029 1714 1143 1780 liabent,
1163 1721 1255 1769 utnon
1270 1713 1308 1767 ri·

481 763 485 770 ,
522 695 573 751 stu
1119 680 1148 738 s.
1169 678 1349 738 rocosum
1369 679 1520 762 btttsuort
2096 684 2145 742 um

524 805 616 861 tarutiui
635 802 754 874 spiritum
778 807 912 864 restrum,
938 797 1046 854 recolite
1065 810 1150 851 auratos
1172 803 1303 857 aeternos.
1362 792 1405 849 oui
1414 795 1557 852 revelatum
1567 796 1691 870 estllrui.
1700 798 2097 870 urrr‚l)illedcutirtiiulruthio
2106 811 2146 854 tuo

523 896 639 952 invenite
649 890 858 949 misericordium
872 890 916 944 liei
929 889 1001 944 cirea
1014 889 1072 952 ios,
1086 885 1213 942 attendite
1226 900 1308 953 opera
1361 888 1483 958 populum
1495 899 1575 957 tuum,
1585 890 1651 960 filios
1664 890 1755 957 lsrael,
1768 902 1791 947 ct
1799 890 2059 963 loacph‘Quontodo
2071 894 2144 962 quasi

523 984 712 1043 misericordiae
723 984 781 1055 ejus
794 1002 801 1035 τ
814 982 846 1037 ln
856 992 942 1037 musto
956 982 996 1035 uir
1007 981 1075 1049 ejus.
1086 977 1145 1043 lilii
1160 976 1306 1041 hominurn,
1359 979 1426 1035 duos
1445 981 1564 1051 populos,
1576 983 1642 1053 filios
1660 982 1753 1050 iuuet,
1769 994 1793 1039 et
1803 984 1918 1056 horeph?
1928 983 2025 1040 Nonne
2040 984 2089 1038 tilii
2101 983 2146 1040 Jo-

524 1094 660 1151 nsqueqne
669 1092 764 1150 graues
776 1075 875 1133 corde?
886 1073 949 1147 quaid
958 1073 1078 1145 quaeritis
1088 1072 1115 1127 in
1125 1070 1308 1143 allectionibus
1359 1073 1424 1143 seph
1437 1073 1463 1129 iu
1476 1073 1536 1129 taliis
1556 1074 1655 1132 lsrael?
1665 1076 1701 1131 ltu
1715 1078 1803 1148 plane.
1818 1076 1875 1134 lloc
1886 1077 2000 1144 scimus,
2014 1076 2071 1133 boc
2085 1077 2147 1147 legi·

523 1166 747 1239 restrislutquid
761 1166 870 1238 diligitis
883 1164 1037 1230 venitatem,
1058 1172 1085 1218 et
1102 1161 1220 1233 quaeritis
1234 1176 1309 1217 mcu-
1360 1179 1436 1230 mus,
1461 1166 1511 1222 boe
1535 1166 1669 1238 Scriptura
1693 1169 1805 1233 elamet,
1826 1169 1877 1225 hoc
1900 1173 2002 1227 vuius
2028 1168 2145 1236 iudicat,

483 1302 489 1308 .»
522 1259 647 1317 ι11ο1ιιιιι1
666 1259 702 1316 Et
719 1259 814 1315 scitote
833 1256 958 1329 quoniam
982 1252 1159 1326 magnificavit
1180 1252 1309 1309 [lominus
1359 1256 1483 1325 quondam
1497 1255 1588 1325 lsrael,
1603 1258 1675 1317 idem
1688 1259 1835 1332 quilacnb,
1854 1259 1945 1317 lubuit
1958 1259 2142 1324 dliosduode

521 1351 649 1411 Sanctum
660 1368 737 1409 suoru
750 1350 835 1423 (Prot.
852 1346 1252 1420 n‚e,t):1uSanctostutm.
1268 1344 1308 1400 tld
1359 1346 1423 1413 cinr,
1436 1347 1505 1404 iuter
1522 1364 1590 1421 quos
1610 1365 1679 1409 uuus
1699 1361 1758 1408 erat
1774 1352 1888 1424 loseph;
1902 1360 1932 1409 ct
1948 1368 1983 1410 ex
2005 1352 2146 1409 duodecim

523 1445 610 1515 ipsum
632 1458 696 1514 ergo
716 1442 898 1508 attendamus,
919 1438 1052 1497 Christum
1069 1436 1250 1502 attendamus;
1272 1436 1307 1492 ibi
1360 1436 1421 1493 liliis
1443 1437 1522 1496 lsrael
1544 1450 1674 1513 quotquot
1695 1442 1750 1499 uati
1770 1452 1845 1511 suut,
1860 1443 1894 1500 ud
1917 1446 2046 1522 populum
2067 1444 2147 1502 lsrael

523 1537 565 1593 riu
580 1537 656 1608 ejus¹
669 1553 676 1590 :
687 1535 766 1599 Deus,
780 1535 807 1590 in
822 1535 916 1590 Surum
927 1532 967 1588 oio
980 1541 1032 1587 tuo.
1045 1530 1108 1600 Quia
1116 1529 1184 1585 licus
1192 1545 1307 1602 mupuur.
1360 1528 1503 1598 pertinent.
1521 1530 1660 1601 Quomodo
1671 1549 1737 1607 crgo
1746 1536 1783 1592 ait
1797 1535 1897 1594 :Filios
1906 1535 2148 1607 trrauutouptt

522 1631 588 1687 sicut
605 1629 675 1686 beu
694 1630 797 1684 mortu?
820 1628 926 1683 liabent
946 1633 1039 1697 pentes
1062 1622 1217 1680 affectiones
1238 1623 1308 1678 circa
1358 1618 1455 1676 Nescio
1466 1621 1528 1693 quid
1542 1622 1587 1679 bic
1599 1622 1813 1697 distinguendum
1827 1626 1974 1683 admonuit.
1990 1626 2147 1684 Perscrute·

1360 1724 1421 1766 mur
1430 1712 1554 1783 spiritum
1573 1726 1692 1772 uostmm
1709 1734 1716 1771 ε
1731 1716 1851 1774 tortuosis
1862 1718 1897 1775 ibi
1919 1719 2039 1791 ιΙίιιιιίιΙι
2061 1721 2148 1793 posuit

525 1812 604 1877 deum
618 1827 697 1867 eures
709 1811 823 1875 babent,
838 1818 865 1867 et
878 1824 931 1865 nou
948 1806 1074 1870 audiunt:
1097 1805 1179 1877 podes
1192 1804 1307 1872 babent,
1360 1800 1442 1869 boas.
1469 1817 1548 1875 quem
1575 1804 1703 1863 debemus
1726 1817 1755 1865 et
1775 1818 1855 1864 nauto
1871 1823 1993 1881 quaerere
2023 1812 2147 1867 munibus

527 1912 554 1959 et
566 1917 620 1959 non
637 1902 774 1958 ambulant
791 1899 876 1973 (Psoi.
889 1915 962 1965 orrrr,
976 1899 1046 1968 ill.
1060 1897 1126 1966 Quid
1142 1896 1263 1951 ambulas
1275 1894 1308 1949 ud
1359 1893 1469 1959 uostris,
1485 1904 1514 1950 ut
1526 1910 1579 1951 nou
1593 1897 1773 1969 decipiemur;
1786 1898 1855 1955 torte
1871 1900 2041 1958 inveniemus
2061 1912 2090 1959 et
2101 1920 2147 1960 uos

522 1993 605 2051 >deum
615 1993 659 2065 qui
671 2008 724 2068 uon
736 1991 871 2048 ambulat?
883 1989 951 2053 Non,
967 1989 1062 2059 iuquit,
1074 2003 1104 2044 ea
1119 1987 1188 2042 colo.
1201 1986 1232 2041 Et
1245 1984 1308 2055 quid
1360 1985 1387 2042 lu
1401 1986 1452 2044 bae
1465 1987 1632 2046 distinctione
1642 1991 1708 2061 filios
1720 1989 1813 2059 lsrael,
1825 2002 1848 2047 et
1860 1991 1967 2062 loseph.
1979 1993 2032 2050 Per
2049 1993 2147 2066 ioseph

529 2073 1075 2154 rolisl'llurneuquodibiest‘iCertehoc
1087 2076 1308 2146 colisunodalibi
1360 2078 1441 2134 alium
1465 2081 1593 2151 populum
1617 2082 1726 2154 intelligi
1745 2083 1843 2149 uoluit;
1871 2083 1997 2140 Gentium
2020 2088 2146 2157 populum

528 2174 625 2229 dictum
637 2183 694 2229 est:
705 2172 830 2241 Quoniam
839 2172 874 2226 dit'
884 2171 995 2241 pontium
1012 2167 1136 2224 doeurom'o
1147 2165 1231 2237 (Ptol.
1247 2181 1308 2231 xer,

529 2265 568 2337 t).
580 2265 633 2319 hut
645 2264 713 2320 idota
726 2263 802 2330 colis,
817 2271 864 2317 aut
877 2260 1016 2318 daemonia.
1030 2259 1085 2315 Neo
1099 2258 1178 2321 idola,
1194 2271 1243 2313 nec
1255 2256 1310 2312 dae·

528 2356 625 2417 monia.
642 2354 736 2425 inquit.
751 2354 785 2409 lit
796 2352 859 2425 quid
878 2352 961 2408 colis?
981 2350 1087 2415 Stellas,
1101 2349 1195 2414 solem,
1208 2347 1308 2413 lunum,

526 2447 578 2504 ista
588 2446 718 2502 eoelestiu.
732 2444 837 2513 Quanto
850 2442 945 2499 melius
957 2440 1002 2512 otri
1022 2440 1093 2505 lecit,
1106 2448 1133 2494 et
1147 2449 1269 2505 terreno,
1284 2444 1311 2495 et

527 2536 662 2594 colosum
680 2534 743 2603 Quis
753 2534 821 2592 beu
835 2532 941 2605 mu'puut
952 2532 1017 2586 sieut
1030 2530 1100 2587 Deua
1113 2530 1216 2585 noum?

563 2626 607 2683 lb.
623 2623 699 2699 [ome.
713 2622 770 2697 liu]
785 2622 824 2678 Tu
840 2640 868 2678 ea
882 2621 949 2677 Deua
960 2622 1004 2693 qui
1016 2621 1080 2693 fucit
1091 2620 1217 2675 mirabilia
1229 2621 1308 2675 solus.

527 2718 567 2773 Tu
581 2729 767 2788 terenrapnus
786 2715 870 2781 bees,
891 2712 990 2769 taciens
1004 2711 1134 2768 mirabilia
1147 2712 1173 2766 in
1186 2725 1309 2782 corpore,

528 2807 555 2864 iu
567 2807 675 2873 anima,
698 2806 772 2861 solus
792 2803 901 2861 iaciens.
915 2802 1061 2858 hodierum
1081 2800 1170 2868 surdi,
1188 2800 1313 2858 ciderunt

527 2898 613 2965 cuci,
635 2896 830 2952 convaluerunt
852 2893 988 2965 lunpuidi,
1009 2902 1181 2950 surrexerunt
1203 2893 1310 2959 mortui¹

527 2989 666 3046 constricti
684 2998 747 3044 sunt
759 2986 907 3060 paralytici.
930 2984 983 3042 sod
1003 2984 1128 3040 miracula
1148 2983 1198 3040 iste
1211 2993 1272 3038 tum
1285 2983 1311 3039 in

520 3079 684 3154 corporibus
703 3097 711 3134 r
730 3078 868 3135 uideamus
890 3077 917 3132 iu
938 3074 1036 3131 anima.
1051 3073 1219 3137 Sobriisunt
1233 3074 1313 3145 paulo

527 3183 590 3231 unte
602 3173 699 3230 ebriosi
711 3188 719 3240 ;
738 3170 830 3227 lidelcs
847 3180 926 3237 sunt,
943 3168 1022 3241 paulo
1035 3178 1097 3224 ante
1107 3155 1265 3223 'ademtores
1276 3168 1313 3223 si·

529 3264 722 3328 analectorum
738 3275 781 3318 ree
793 3276 855 3317 suas
864 3260 964 3317 donant
976 3257 1145 3329 pauperibus,
1156 3258 1201 3328 qui
1212 3256 1314 3312 alienas

528 3364 591 3412 anto
603 3354 761 3425 rapiebant:
774 3342 840 3417 Quis
850 3350 918 3407 Deus
931 3365 1046 3421 mupuus,
1060 3349 1124 3403 rictu
1130 3346 1198 3403 lietu
1211 3347 1314 3403 noster?

528 3444 568 3502 Tu
582 3462 608 3500 es
621 3444 742 3515 heutoni
755 3444 818 3516 [ocia
836 3441 961 3498 utiruhihiu
972 3444 1050 3498 solut.
1065 3439 1140 3497 tectu
1153 3448 1180 3497 et
1191 3438 1311 3512 hiemet,

528 3537 576 3593 sed
592 3551 646 3594 nou
657 3537 731 3591 solos
745 3535 826 3591 :lecit
838 3544 865 3589 et
881 3533 966 3598 Elias,
988 3532 1050 3588 lecit
1064 3542 1090 3589 et
1104 3531 1227 3598 blisum,
1240 3531 1314 3588 lece·

529 3634 593 3681 ruut
604 3634 631 3680 et
643 3625 779 3695 Apostoli3
793 3624 839 3680 sed
853 3623 940 3677 nullus
952 3636 1043 3676 eorum
1054 3620 1138 3677 solos.
1152 3620 1191 3675 llli
1202 3629 1231 3676 ιιι
1239 3619 1314 3677 lacc-

529 3727 600 3784 reut,
615 3727 643 3773 ιιι
654 3732 715 3774 cum
728 3718 784 3783 eis;
806 3725 834 3772 tu
849 3705 955 3788 quando
968 3713 1073 3780 iecisti,
1089 3713 1193 3768 illinon
1214 3723 1311 3768 tecum.

529 3809 588 3866 Non
601 3809 672 3864 euim
688 3817 774 3864 tecum
788 3807 894 3862 luerunt
905 3821 964 3860 curu
977 3803 1073 3873 iecisti,
1085 3802 1192 3874 natando
1203 3813 1231 3859 ct
1242 3803 1315 3873 ipsos

530 3914 558 3957 tu
571 3900 668 3958 iecisti.
676 3901 715 3955 Tu
723 3917 749 3957 es
757 3899 876 3972 heutoni
885 3898 948 3970 sucis
956 3896 1081 3952 turchin
1091 3896 1167 3952 solus.
1176 3895 1314 3966 Quomodo

530 3995 622 4050 solus?
634 3992 768 4063 Numquid
782 3992 849 4047 lortc
861 3990 956 4057 Pater,
972 3998 1000 4046 et
1018 4003 1070 4044 non
1090 3987 1195 4042 Pilius?
1209 3996 1254 4042 aut
1271 3987 1315 4043 Fi·

532 4087 593 4155 lim,
608 4095 635 4144 ct
650 4101 703 4141 non
720 4085 814 4141 Pater?
828 4084 884 4140 lmo
896 4082 992 4148 Pater,
1009 4090 1037 4138 et
1047 4081 1141 4148 Pilius,
1161 4089 1189 4136 et
1201 4081 1315 4150 spirtus

530 4189 648 4236 unctus.
658 4177 699 4234 Tu
708 4195 734 4235 ea
744 4177 814 4233 neue
823 4177 867 4248 oui
876 4175 939 4248 [ucis
949 4176 1075 4231 ndruhiliu
1083 4176 1162 4231 solus.
1174 4173 1232 4230 Nou
1243 4175 1313 4230 euim

529 4283 586 4328 tres
596 4271 651 4338 dit,
674 4270 721 4328 sed
742 4285 811 4326 urtus
833 4270 903 4326 bens
918 4268 979 4325 lacit
992 4266 1123 4324 mirabilia
1142 4246 1230 4332 solus,
1245 4275 1274 4321 et
1286 4267 1314 4322 in

530 4364 590 4433 ipso
602 4363 776 4418 transiliente.
791 4360 856 4417 Nam
872 4361 992 4415 autetiam
1007 4357 1165 4422 transiliret,
1179 4367 1205 4414 ct
1218 4357 1251 4412 ud
1265 4357 1313 4413 iste

531 4455 692 4526 perveniret,
704 4453 861 4509 miraculum
872 4452 918 4508 Dei
931 4451 981 4506 luit
992 4470 1000 4507 a
1010 4451 1116 4523 qtraudo
1126 4451 1197 4505 intus
1206 4449 1314 4520 partivit

530 4565 592 4607 cum
616 4549 722 4620 spiritum
736 4563 801 4612 suo,
825 4556 854 4601 ut
872 4545 1015 4601 transiliret
1036 4552 1064 4599 ct
1087 4544 1172 4613 ipsum
1193 4542 1314 4610 spiritum

530 4653 623 4702 suum.
636 4646 664 4696 et
683 4639 710 4693 in
726 4637 771 4693 oet
786 4637 911 4705 oporibus
929 4634 1120 4699 delectaretur,
1136 4634 1192 4703 ipse
1204 4632 1238 4687 ihi
1253 4630 1315 4687 lecit

530 4729 675 4786 mirabilia.
690 4726 742 4783 Sed
759 4725 823 4796 tpttid
840 4724 903 4781 fecit
922 4725 1012 4780 Deus?
1026 4722 1121 4777 Notum
1134 4722 1215 4794 fecisti
1226 4723 1252 4776 iu
1268 4739 1313 4792 po-

530 4820 600 4891 pulis
619 4818 736 4873 uirtutem
756 4826 835 4870 tuum.
860 4815 922 4870 lude
943 4814 1113 4885 ottrrgregatio
1134 4812 1202 4879 ista,
1226 4811 1314 4882 bsapb

530 4909 702 4976 transiliens,
726 4907 786 4978 quia
810 4916 897 4961 annam
924 4905 986 4961 iecit
1010 4906 1036 4960 in
1061 4903 1165 4975 populis
1189 4905 1313 4961 virtutem

530 5013 616 5055 suam.
630 4999 715 5068 Quam
728 4999 852 5052 virtutem
866 5011 941 5050 suurn
963 5004 1051 5051 notant
1072 4993 1135 5050 lecit
1149 4994 1175 5049 in
1190 4993 1314 5065 populis?

530 5088 692 5168 doemon
711 5091 876 5160 prtcdicnrnus
894 5085 1021 5143 Christum
1040 5086 1186 5153 crucifixum
1198 5083 1314 5140 :iudeis

530 5180 629 5251 quidem
647 5182 812 5245 scurrdolutu,
836 5178 956 5234 Gentibus
977 5187 1061 5232 eutem
1082 5177 1232 5242 stultitiam·
1252 5177 1315 5246 ipsis

529 5280 611 5326 uutem
622 5273 715 5325 uerutis
726 5271 839 5330 thdoet's.
863 5278 886 5323 rt
907 5267 1010 5331 Graect'r,
1027 5266 1154 5320 Christum
1168 5265 1213 5320 bet
1231 5265 1314 5320 Virtu-

531 5372 588 5425 tem.
603 5373 626 5415 et
642 5361 688 5415 llei
702 5361 856 5432 Supimtinrn
872 5360 892 5430 (l
904 5357 963 5414 Cor.
976 5373 996 5423 r,
1007 5357 1052 5422 tt,
1064 5356 1119 5425 ut).
1135 5355 1163 5411 Si
1177 5371 1241 5424 crgo
1254 5354 1313 5409 Vir·

530 5462 574 5508 tus
589 5453 633 5506 liei
652 5453 790 5518 (llaristus,
807 5464 897 5507 uotum
918 5449 980 5506 lecit
1000 5448 1132 5503 Christum
1153 5447 1180 5501 in
1201 5446 1313 5516 populis.

532 5542 571 5597 bu
583 5552 611 5600 et
622 5542 672 5597 boc
684 5542 800 5597 noudum
814 5540 1003 5612 agnoscimus?
1024 5539 1098 5594 etita
1110 5537 1267 5607 desipimus,
1278 5537 1313 5609 ita

531 5639 598 5695 inim
610 5637 745 5706 jacemus,
759 5636 795 5689 ita
809 5635 874 5689 nihil
889 5633 1067 5699 transilimus,
1086 5641 1116 5686 ut
1133 5629 1185 5685 boc
1204 5643 1257 5684 uon
1275 5628 1314 5682 ni·

530 5727 659 5786 mutuus?
670 5723 765 5780 Notum
778 5725 857 5794 fecisti
869 5726 896 5778 iu
910 5725 1010 5794 populis
1018 5724 1132 5777 uirtutem
1144 5730 1234 5775 tuum.-

565 5820 609 5876 tt.
617 5818 692 5894 [aere
702 5814 758 5890 ld]
767 5814 902 5870 Rcdernirti
910 5817 936 5868 iu
946 5816 1046 5869 bruchio
1055 5813 1312 5885 tuopopulumtmrm.

531 5910 640 5966 Bruchio
652 5921 695 5964 ttto
706 5926 714 5963 .·
725 5907 776 5963 hoc
787 5913 829 5961 est
840 5905 935 5959 uirtute
945 5914 998 5958 tua.
1009 5904 1043 5958 Sl
1057 5903 1191 5959 brachium
1209 5903 1312 5958 Domini

562 6023 619 6071 ¹sic
639 6020 741 6084 »lenique
752 6027 804 6068 tiss
817 6017 859 6066 ulii
877 5994 973 6088 puidam
983 6027 990 6063 :
1000 6016 1039 6085 ⁸ad
1054 6015 1132 6078 ipsunt
1153 6027 1210 6077 erpo
1227 6012 1312 6064 redeu-

529 6095 595 6139 mur‚
608 6092 625 6131 t·
634 6081 739 6139 uictum,
752 6091 800 6131 etc.
818 6087 846 6128 tt
855 6079 927 6127 idda
944 6076 979 6126 ad
997 6089 1075 6140 tpstmt
1091 6088 1149 6139 erpo
1163 6076 1312 6127 utteudmuur

529 6142 658 6198 ιιιιιιιιιιι.
670 6145 817 6194 mttudunus
829 6139 861 6193 ibi
871 6151 932 6191 tuom
942 6150 1003 6203 epus.

1362 2169 1472 2241 intelllgi
1485 2170 1576 2227 uoluit.
1590 2171 1678 2240 Quare
1691 2173 1810 2244 pontium
1826 2173 1951 2245 populum
1968 2189 2019 2247 per
2031 2174 2148 2247 loseph?

1360 2257 1428 2328 Quia
1452 2260 1551 2332 ioseph
1569 2261 1691 2333 venditus
1711 2272 1753 2319 cst
1774 2264 1800 2318 iu
1823 2262 2000 2335 AEpypturnu
2022 2265 2148 2323 iratribus

1361 2349 1417 2407 suis
1431 2349 1507 2425 (Gen.
1518 2367 1620 2421 uxxrtr,
1632 2352 1688 2424 ts).
1701 2353 1747 2410 ltle
1759 2353 1857 2424 loseph
1869 2354 1913 2410 cui
1930 2354 2030 2412 tratres
2045 2357 2148 2413 iniuide-

1362 2449 1435 2507 runt,
1449 2449 1478 2496 et
1499 2456 1559 2497 cum
1573 2441 1601 2497 iu
1614 2441 1758 2515 AEpyptum
1781 2443 1970 2511 vendiderunt,
1984 2445 2109 2502 venditus
2123 2446 2147 2501 in

1362 2530 1515 2603 AEpyptum
1531 2533 1841 2601 laboratit‚·humiliutus
1862 2544 1923 2603 est;
1935 2535 2054 2607 agnitus,
2076 2539 2148 2593 exal-

1363 2632 1443 2690 tatus,
1459 2622 1558 2691 duruit,
1569 2624 1719 2695 imperarit.
1734 2626 1766 2681 Et
1777 2626 1820 2681 bis
1832 2625 1957 2683 omuibus
1970 2628 2036 2699 quid
2048 2628 2149 2698 signid-

1363 2716 1457 2771 cavit?
1474 2715 1554 2786 Quid,
1579 2718 1630 2773 nisi
1651 2716 1786 2775 Christum
1806 2733 1822 2773 a
1843 2718 1970 2775 iratribus
1994 2720 2147 2787 uenditum,

1363 2805 1476 2876 ejectum
1498 2806 1533 2866 de
1555 2816 1624 2862 terra
1647 2822 1705 2872 sua,
1728 2809 1892 2878 tunquaurin
1907 2808 2056 2881 AEgypuun
2079 2808 2147 2866 Geu-

1365 2898 1448 2951 timu?
1462 2897 1499 2952 lbi
1521 2897 1608 2968 priano
1630 2898 1806 2964 humiliatum,
1821 2898 1928 2970 quartdo
1949 2901 2148 2972 persecutionis

1363 2997 1494 3060 martyres
1515 2988 1681 3059 patiebantur
1694 3005 1703 3045 t
1717 3004 1786 3044 utine
1809 2990 1971 3068 exaltatum,
1984 2991 2055 3047 sicut
2076 2992 2148 3047 ride·
2174 2997 2176 3002 '

1365 3096 1441 3149 rnus;
1454 3082 1578 3153 quoniam
1599 3082 1734 3154 impletum
1757 3092 1798 3139 est
1817 3083 1844 3138 in
1864 3097 1909 3151 eo,
1926 3083 2077 3138 Adorabunt
2093 3098 2148 3139 atu

1357 3189 1449 3245 ,ocurrer
1473 3188 1542 3245 repes
1562 3182 1653 3238 terre:
1671 3189 1757 3230 omues
1777 3185 1861 3246 pentes
1882 3174 1989 3229 aarum
2005 3174 2045 3229 iiii
2060 3173 2148 3247 (Proh

1365 3279 1440 3331 utra,
1455 3265 1511 3334 11).
1528 3264 1598 3337 Ergo
1612 3263 1837 3337 losepbpopulus
1855 3280 1890 3322 ex
1902 3264 2046 3331 Gentium
2066 3265 2150 3322 lsrael

1364 3370 1428 3411 vcro
1446 3355 1559 3427 popualus
1580 3370 1614 3413 ex
1632 3366 1711 3427 gente
1729 3356 1912 3413 llebraeorum.
1931 3356 2053 3414 Redemit
2066 3373 2150 3430 popo·

1362 3449 1420 3506 lum
1430 3466 1507 3506 suurn
1520 3448 1599 3516 bens,
1611 3449 1679 3521 tilios
1690 3447 1774 3506 lsrael
1785 3459 1810 3506 ct
1821 3447 1931 3521 ioseph.
1944 3449 2149 3523 retunderer

1365 3541 1479 3614 lapidem
1503 3543 1674 3615 angularem,
1697 3544 1723 3598 in
1744 3557 1797 3615 qno
1819 3542 1874 3601 duo
1897 3544 2014 3616 parietes
2033 3545 2148 3617 ooprrlati

1364 3633 1549 3705 scrutillphes.
1560 3650 1589 3702 u,
1604 3612 1660 3705 lif.

1400 3725 1445 3781 tt.
1457 3724 1532 3798 [oms.
1553 3725 1611 3800 tt]
1623 3725 1658 3782 lit
1678 3727 1833 3797 exsequitur
1854 3727 2012 3798 quomodo:
2029 3728 2148 3784 Videsne

1366 3825 1484 3887 terque,
1503 3814 1583 3872 Deus.
1601 3816 1670 3885 Quid
1688 3828 1751 3873 sunt
1769 3820 1861 3890 eduae?
1872 3819 1979 3890 Populi.
2003 3820 2067 3889 Quae
2087 3832 2148 3876 suut

1365 3909 1422 3963 istor
1442 3922 1530 3977 oque:
1543 3906 1693 3963 dictumest
1703 3908 1728 3962 in
1740 3909 1915 3982 Apocalypsi3
1926 3924 2085 3982 responsum
2097 3920 2146 3977 est,

1366 3999 1484 4074 Populi:
1503 3999 1538 4055 ibi
1562 4000 1711 4056 invenimus
1731 4001 1899 4072 apertissime
1916 4016 2002 4073 aquas
2025 4003 2054 4057 in
2068 4005 2148 4074 bgura

1366 4093 1466 4163 positas
1482 4091 1638 4162 populorum
1652 4091 1743 4164 (Apro.
1756 4106 1823 4159 run,
1837 4092 1894 4162 15).
1908 4091 1996 4163 Supra
2007 4102 2098 4149 tutem
2108 4092 2147 4149 di-

1365 4190 1440 4239 xerut
1455 4199 1463 4236 τ
1479 4180 1575 4237 Νοιιιιιι
1585 4182 1665 4252 [eristi
1678 4183 1705 4236 iu
1719 4182 1820 4254 populis
1831 4175 1946 4238 uirtutem
1963 4193 2045 4239 tuom.
2059 4183 2148 4240 tteuu

1364 4288 1439 4344 crgo,
1457 4270 1580 4327 Viderunt
1601 4261 1624 4328 te
1645 4287 1729 4343 uque,
1749 4271 1835 4337 Deus:
1854 4273 1970 4328 uiderunt
1991 4285 2018 4330 te
2032 4282 2150 4344 «ειμι

1365 4365 1509 4441 timuerunt.
1525 4361 1587 4419 ldeo
1608 4370 1716 4418 mutatae
1735 4372 1806 4429 suut,
1823 4363 1884 4434 quia
1897 4359 2058 4420 timuerunt.
2078 4364 2148 4420 tru-

1365 4465 1423 4510 ruut
1441 4465 1465 4510 te
1484 4471 1566 4528 opum,
1577 4454 1654 4521 heus,
1674 4464 1698 4510 et
1715 4455 1860 4520 timuerunt,
1882 4465 1907 4509 et
1920 4456 2081 4512 conturbate
2096 4465 2151 4512 ιιιιι

1365 4547 1457 4618 ulyssi.
1469 4545 1533 4614 Quae
1555 4556 1618 4602 sunt
1637 4546 1739 4617 ulyssi?
1753 4546 1911 4602 altitudines
1930 4561 2076 4618 aquarum.
2089 4547 2150 4617 Quis

1366 4656 1419 4694 nun
1436 4640 1555 4695 turbatur
1577 4640 1603 4693 iu
1625 4638 1739 4709 populis,
1754 4653 1814 4693 eum
1835 4637 1998 4694 conscientia
2013 4640 2151 4711 pulsamur

1365 4729 1466 4799 Quaeris
1486 4729 1651 4784 altitudinem
1673 4729 1764 4793 maris.
1779 4728 1841 4800 quid
1863 4727 2024 4798 profundius
2036 4728 2149 4787 bamam

1365 4819 1545 4875 conscientia?
1557 4819 1608 4875 lstu
1630 4818 1794 4891 profunditas
1816 4821 1919 4876 turbata
1939 4828 1993 4888 est,
2003 4820 2150 4891 quarrdo'tu

1367 4913 1474 4968 brachio
1488 4928 1537 4968 suo
1552 4912 1666 4968 redemit
1680 4912 1805 4982 populum
1820 4926 1898 4967 suurn
1912 4911 1996 4968 Deus.
2011 4910 2151 4980 Quomodo

1367 5005 1477 5060 turbatae
1490 5012 1551 5059 sum
1562 5004 1651 5076 abyssi
1660 5004 1672 5058 1
1682 5005 1892 5071 Qarurrdoontues
1901 5005 2151 5061 corascienriassrus

1366 5095 1515 5152 coufitendo
1528 5093 1652 5151 fuderunt
1666 5114 1673 5149 :
1690 5095 1722 5148 Et
1734 5095 1839 5150 turbulae
1848 5105 1905 5150 ιιιιιι
1917 5096 2013 5167 uhptst'.

1401 5187 1444 5244 19.
1458 5184 1602 5261 [torelli]
1613 5186 1748 5241 Multitudo
1761 5186 1859 5242 touimr
1871 5203 2006 5258 upuurum.
2019 5187 2049 5243 lu
2071 5190 2151 5244 leudi·

1366 5276 1483 5345 brasilei,
1498 5279 1524 5332 in
1537 5277 1748 5332 eouiessionibus
1768 5287 1944 5348 peccatorum,
1962 5279 1990 5333 iu
2006 5279 2116 5353 hymnis
2126 5292 2151 5336 et

1366 5370 1484 5437 manticis,
1508 5370 1534 5424 in
1555 5369 1728 5438 orationibus,
1749 5371 1881 5426 trrultitudo
1901 5371 2001 5428 sonitus
2016 5390 2148 5442 equorum

1371 5457 1461 5513 Vocem
1485 5459 1606 5514 dederuut
1626 5459 1712 5514 unies.
1728 5459 1792 5516 lude
1813 5462 1864 5516 iste
1883 5462 1988 5517 sonitus
2011 5478 2148 5534 uerutum,

1366 5542 1427 5597 inde
1450 5542 1606 5614 abyssorum
1631 5543 1887 5615 perturbatio,ouiu
1920 5560 2007 5600 uocem
2028 5550 2149 5603 dederunt

1364 5636 1449 5690 nubes.
1474 5635 1539 5702 Que
1565 5637 1669 5692 nubes?
1695 5635 1887 5694 Praedictiones
1916 5639 1991 5695 uerbi
2020 5643 2149 5698 reritutit.

1364 5724 1428 5795 Quae
1441 5724 1542 5780 nubes?
1557 5724 1594 5780 lle
1608 5726 1702 5796 utribus
1722 5727 1837 5784 minante·
1850 5729 1954 5785 euidam
1967 5731 2056 5788 vitree
2069 5732 2148 5799 beu.

1364 5833 1424 5888 quus
1437 5832 1485 5887 pro
1503 5832 1552 5871 ura
1566 5816 1628 5873 lucit
1641 5817 1740 5888 spinas,
1753 5829 1780 5875 et
1795 5818 1859 5874 dicit
1870 5837 1878 5874 ι
1889 5819 2022 5878 diomede
2043 5825 2149 5878 trudibus

1364 5908 1425 5962 atteia
1436 5924 1466 5961 ue
1478 5908 1565 5979 pluunt
1576 5924 1651 5978 super
1662 5925 1717 5963 eum
1736 5909 1838 5963 imbrem
1850 5908 1925 5982 (lani
1937 5924 1965 5976 ι,
1975 5912 2014 5977 6).
2029 5912 2147 5984 &nique

1365 5998 1482 6068 Apostoli
1503 5997 1802 6068 relitmucutcsludaeos‚
1825 6002 1912 6058 ieret-t
1928 6003 1962 6065 ari
1986 6002 2089 6063 ceute
2103 6005 2149 6061 'lu

1398 6137 1405 6167 ¹
1419 6136 1454 6185 sic
1466 6143 1517 6187 ttss.
1529 6142 1557 6185 et
1567 6135 1632 6196 Edd,
1643 6133 1754 6197 ubuum
