5025 6925
489 708 541 761 irai

489 825 566 878 seiles
586 818 618 871 ad
637 816 784 869 deuterum.
795 801 891 863 Patris,
912 808 939 851 et
953 815 1029 854 uerno
1047 798 1126 851 videt.
1148 796 1273 864 Spiritum

490 925 563 968 tntuu
578 909 637 963 iudo
659 903 763 964 misisti,
778 915 856 968 erstem
871 900 1032 962 acceperuut
1053 889 1122 957 digni
1138 905 1145 948 ;
1174 886 1273 955 impleti

488 1014 639 1062 artrruretuo,
650 996 753 1052 laudern
765 985 1009 1061 ipsinsbumilitatis
1018 972 1068 1035 ulae
1086 997 1132 1048 per
1147 977 1272 1031 rnutulnut

363 1122 367 1131 -
418 1114 420 1117 v
488 1109 631 1168 geniosque
647 1089 854 1160 praedicaverunt
870 1100 876 1135 :
894 1095 988 1133 noureu
1010 1088 1081 1128 tntun
1096 1071 1171 1125 rideo
1184 1068 1274 1123 excel·

488 1192 542 1245 lere
565 1190 589 1240 in
613 1196 711 1254 uerrere
735 1179 857 1237 luuuano,
880 1171 925 1225 sed
950 1179 1036 1221 taureu
1059 1163 1177 1218 inbrruus
1199 1160 1274 1214 uubis

487 1280 643 1351 praediratus
657 1290 696 1329 es.
718 1270 809 1338 Neque
831 1266 901 1319 enirn
928 1269 954 1314 et
975 1259 1017 1312 ille
1037 1256 1129 1309 durtor
1149 1252 1272 1307 Gentium

485 1377 551 1432 dixit
561 1370 660 1441 aliunid
679 1368 748 1432 inter
763 1378 811 1417 uos
825 1376 854 1413 se
868 1358 946 1417 seire,
963 1353 1011 1407 uisi
1026 1350 1159 1405 Christum
1170 1346 1270 1409 iesum,

487 1481 513 1523 et
528 1468 597 1520 bunc
609 1461 767 1517 erucilivum
783 1457 804 1521 (l
817 1453 874 1506 Cor.
890 1466 919 1513 n,
941 1446 979 1514 Ξ),
995 1443 1091 1511 atejus
1114 1440 1273 1508 eligeremus

485 1557 667 1630 opprobrium,
682 1551 766 1619 nrauis
780 1560 856 1616 qnam
869 1541 978 1612 gloriam
991 1534 1140 1590 lloreutium
1152 1530 1272 1599 Zipltauv-

485 1668 554 1708 nrm.
569 1650 754 1703 Verumtamen
769 1641 801 1694 de
824 1637 869 1690 illo
882 1632 945 1703 quid
968 1628 1022 1682 ait?
1037 1626 1091 1680 litai
1111 1633 1223 1679 rrrortuus
1236 1630 1273 1674 est

484 1763 516 1801 cu
527 1741 683 1810 infirmitate,
698 1734 743 1789 sed
761 1731 819 1785 uiuit
832 1745 863 1782 ea
875 1727 962 1780 uirtute
978 1721 1023 1774 bei
1037 1717 1069 1789 (ll
1082 1716 1140 1771 Cor.
1156 1730 1215 1777 xnr,
1230 1712 1270 1781 l).

484 1836 563 1890 Venit
577 1845 640 1899 ergo
650 1837 678 1882 ut
693 1831 839 1879 moreretur
853 1834 885 1871 ex
906 1814 1068 1872 iulirmitate,
1091 1816 1218 1861 venturus
1230 1812 1271 1904 est

484 1935 513 1978 ut
524 1924 625 1992 judicet
646 1919 672 1971 in
688 1917 782 1969 virtute
796 1911 840 1964 llei
856 1906 919 1962 :sed
933 1920 980 1973 per
994 1899 1170 1956 infirmitatem
1185 1908 1271 1949 erucis

482 2015 655 2072 claritieatum
668 2017 708 2063 est
721 2019 816 2059 nomeu
829 2001 894 2070 ejus.
916 1994 1041 2065 Quisquis
1054 2007 1106 2045 non
1128 1988 1271 2043 crediderit

483 2110 508 2162 in
532 2098 819 2159 nommetur-tucatur
841 2109 888 2162 per
908 2087 1098 2150 iulinnitatcnr,
1113 2089 1271 2151 expavescet

480 2199 513 2253 ad
527 2197 643 2267 judicent
657 2208 716 2245 errrrr
728 2186 829 2241 venerit
839 2185 865 2237 iu
877 2184 982 2235 virtute.
997 2178 1128 2232 Neautcru
1137 2172 1268 2242 quondam

482 2292 526 2346 ille
545 2289 675 2349 iulirurus,
699 2296 760 2336 curn
783 2276 885 2333 venerit
900 2273 986 2333 sortis,
1001 2267 1150 2323 ventilabro
1165 2266 1210 2318 illo
1235 2262 1269 2317 ad

457 2386 459 2391 “
480 2382 614 2435 sinistram
629 2375 790 2435 ammittat,
806 2368 890 2423 salvet
902 2380 950 2418 nos
962 2364 986 2416 in
1002 2360 1108 2415 nominc
1121 2372 1180 2421 sno,
1191 2356 1269 2424 etju-

480 2473 549 2527 diem
565 2486 613 2522 uns
638 2469 663 2519 iu
682 2466 777 2517 virtute
790 2474 846 2514 sna.
861 2454 1005 2524 Qniseuiur
1016 2451 1066 2505 boe
1088 2459 1140 2503 tarn
1156 2459 1269 2502 tentura-

480 2567 535 2614 rins
557 2556 698 2626 optaverit,
722 2551 830 2606 ntdirat
844 2543 1010 2609 [leodidico
1033 2539 1195 2594 ure?Nunne
1221 2551 1268 2605 pro

481 2650 622 2705 rnaledieto
636 2645 687 2699 dici
702 2642 772 2697 solet
781 2638 930 2694 borniuibns
945 2654 952 2690 ι
967 2632 1070 2689 iudicet
1091 2640 1118 2685 te
1126 2629 1216 2684 Deus?
1230 2628 1267 2681 lta

481 2744 556 2811 plane
577 2747 618 2792 est
639 2734 819 2796 nraiedienun,
840 2728 863 2782 si
882 2726 983 2797 judicat
998 2734 1023 2779 te
1038 2723 1063 2776 iu
1080 2722 1175 2775 virtute
1198 2734 1265 2819 sna;

479 2832 527 2886 sed
540 2829 562 2883 si
578 2843 630 2881 uon
642 2836 668 2879 te
682 2819 823 2877 sali-averit
837 2816 982 2873 innomine
1000 2828 1049 2867 sno
1064 2826 1143 2866 :cum
1156 2825 1220 2864 vero
1239 2825 1265 2861 ιιι

479 2922 585 2977 nornine
597 2916 761 2988 precedente
771 2909 911 2966 salvaverit
925 2915 960 2970 te,
977 2904 1117 2960 salubriter
1131 2903 1157 2957 in
1171 2902 1267 2955 virtute

477 3017 656 3079 corrseqnente
673 3002 812 3075 judicabit.
826 3001 941 3055 Securus
954 3008 1011 3050 esto
1032 3013 1038 3049 :
1054 2994 1181 3066 judicium
1203 2992 1266 3047 illud

477 3122 529 3161 uon
546 3105 592 3160 tibi
604 3103 654 3157 erit
664 3099 776 3172 punitio,
791 3096 837 3151 scd
850 3092 984 3149 diseretio.
993 3090 1058 3146 Nam
1074 3100 1100 3145 et
1112 3090 1138 3143 iu
1151 3086 1265 3159 quodarn

478 3200 579 3270 rtsaltnn
590 3199 625 3251 ita
635 3195 731 3249 dicitur
746 3209 752 3244 ι
767 3190 862 3243 iudice
875 3204 923 3250 ure,
937 3186 1013 3249 Deus,
1028 3195 1051 3238 et
1072 3183 1183 3238 discente
1202 3197 1265 3234 cuu-

476 3308 530 3346 rum
544 3305 626 3344 arreum
648 3288 679 3340 de
691 3294 762 3357 pente
779 3299 829 3335 uon
851 3289 938 3334 cuncte
953 3276 1037 3346 (Paul.
1052 3292 1116 3332 xttt.
1138 3277 1174 3347 l).
1197 3270 1264 3342 Quid

476 3393 528 3445 est,
550 3381 644 3435 ludica
668 3378 730 3431 rue?
754 3375 879 3429 Discerne
899 3386 941 3425 me
958 3385 973 3423 a
988 3367 1104 3439 zipheis
1116 3367 1185 3421 inter
1198 3378 1266 3436 quire

478 3480 566 3532 laten:
582 3473 677 3544 pertuli
687 3485 780 3525 eornm
793 3468 897 3527 durem,
909 3462 963 3532 jam
979 3460 1067 3516 veniat
1077 3471 1104 3515 et
1114 3457 1163 3513 ssus
1178 3471 1263 3514 uicus.

477 3571 510 3625 Et
523 3570 627 3624 illorum
646 3563 751 3634 quidem
767 3561 815 3614 llos
837 3558 884 3612 luit
897 3554 1062 3624 temporalis,
1078 3562 1104 3607 et
1126 3560 1265 3606 arescente

476 3660 536 3714 leno
553 3655 651 3712 decidit
668 3671 675 3706 ε
691 3653 741 3706 llos
758 3660 847 3704 arucur
863 3661 937 3701 tracus
949 3644 1009 3715 uuis
1020 3643 1089 3698 erit?
1110 3641 1224 3695 Pluntuti
1237 3641 1264 3696 iu

475 3753 549 3805 domo
564 3746 677 3808 Domini,
689 3745 716 3797 in
727 3743 799 3796 atriis
807 3742 894 3793 domus
906 3737 951 3791 uer·
959 3737 1037 3791 ttovtri
1046 3736 1169 3804 florebunt
1177 3733 1262 3804 (eut.

475 3858 527 3906 xer,
547 3839 601 3910 ld).
617 3839 745 3892 ltcnrauet
757 3848 820 3902 ergo
833 3841 859 3885 et
873 3829 948 3883 uobis
960 3827 1020 3893 liris,
1035 3826 1080 3879 sed
1094 3825 1138 3895 uui
1153 3842 1204 3878 nun
1217 3839 1263 3877 ea-

474 3935 529 3998 dat,
544 3933 612 3987 sient
626 3929 717 3983 lolium
739 3923 847 3993 plantati
872 3920 941 3973 illins
956 3919 1017 3986 ligni
1031 3918 1104 3985 juxta
1117 3929 1208 3983 arueras,
1229 3915 1263 3970 de

473 4045 526 4097 urvo
539 4027 637 4080 dietum
656 4030 698 4076 est
713 4038 720 4072 :
737 4017 769 4071 la't
786 4015 875 4086 [olium
894 4013 949 4081 rjrtr
963 4027 1011 4064 non
1025 4009 1121 4062 decidet
1142 4006 1225 4078 (Paul.
1243 4024 1262 4071 t,

473 4123 511 4191 5).
525 4120 591 4173 llere
602 4131 665 4185 ergo
676 4115 703 4168 in
715 4109 814 4165 notrriue
828 4120 870 4161 tuo
881 4104 976 4160 utrum
988 4120 1026 4157 ute
1039 4103 1090 4172 suc,
1105 4112 1128 4155 et
1137 4101 1264 4178 irreirvute

474 4224 516 4266 tua
524 4210 612 4281 judicu
624 4222 671 4259 nte.

509 4303 535 4356 5.
549 4301 624 4372 [terr¹
639 4294 678 4367 b]
695 4294 771 4352 Deua.
786 4290 879 4344 erutrdi
891 4288 1029 4341 orationem
1047 4302 1144 4348 ineunt,
1158 4284 1263 4338 nuribus

475 4396 575 4463 percipe
588 4389 661 4442 uerba
672 4389 724 4439 oris
734 4385 791 4437 inei.
807 4380 962 4437 Perreuiant
973 4381 1006 4433 ad
1020 4393 1099 4432 aures
1110 4389 1167 4431 tuas
1181 4376 1261 4432 verba

474 4485 529 4538 oris
544 4486 605 4546 ιιιιιι,
619 4480 679 4549 qtria
695 4492 746 4530 uon
766 4477 858 4528 liorem
872 4472 1040 4541 'Liplrarnrurn
1055 4485 1070 4524 a
1089 4467 1260 4524 te'desidetn.

474 4575 583 4631 duribus
601 4571 700 4638 rur-cipe
719 4568 792 4620 verbu
805 4566 856 4618 oris
876 4563 923 4616 rrtei
935 4579 944 4617 .·
958 4572 984 4617 ιιι
999 4562 1104 4632 percipe
1117 4578 1124 4628 ;
1137 4577 1197 4615 natu
1219 4561 1263 4615 Zi-

475 4667 558 4738 plrais
571 4666 620 4717 etsi
636 4669 713 4714 staret
732 4656 816 4710 oratio
831 4672 889 4708 unu
903 4695 910 4716 ,
926 4669 978 4707 tton
994 4653 1119 4713 audium,
1133 4653 1193 4722 (prtia
1208 4667 1261 4706 uon

475 4759 634 4827 intelligunt.
671 4747 873 4817 Tetnporalibns
903 4745 1001 4815 qnippe
1033 4745 1164 4814 garardum.
1192 4746 1261 4800 lmua

475 4865 573 4908 aeterua
587 4845 740 4902 desiderare
754 4857 805 4894 uou
819 4849 925 4894 nerunt.
951 4839 990 4892 ad
1010 4848 1036 4892 te
1050 4838 1185 4907 perveniat
1199 4853 1261 4890 ura-

475 4946 512 5000 tio
524 4959 581 4997 urea
597 4983 604 5007 ,
618 4955 650 4994 ex
664 4935 796 4991 desiderio
814 4943 975 4986 aeternornm
991 4939 1095 4984 tuorum
1116 4931 1260 4984 benetieio·

476 5053 532 5092 rum
548 5048 657 5090 excussa
672 5039 699 5085 et
710 5028 820 5095 iaculata
836 5044 841 5078 :
860 5025 894 5078 ad
909 5039 988 5078 aures
1003 5035 1061 5077 tuas
1073 5024 1169 5077 emitto
1182 5039 1258 5086 earn;

475 5127 567 5195 arljuva
582 5140 640 5177 earn
653 5132 682 5175 nt
696 5120 831 5191 perveniat
844 5159 852 5178 .
867 5132 900 5170 uc
913 5115 1019 5169 deliciat
1040 5116 1065 5167 iu
1089 5115 1184 5170 itinere
1205 5131 1261 5169 true-

473 5218 529 5276 dio,
550 5228 577 5269 et
598 5215 672 5284 (prasi
696 5214 811 5281 collapsa
830 5217 947 5264 corruat.
968 5206 1020 5262 Sed
1045 5208 1095 5262 etsi
1118 5225 1169 5261 urrn
1195 5210 1259 5263 ruibi

474 5308 599 5361 eveniunt
611 5305 690 5358 modo
700 5306 766 5357 bona
780 5319 839 5371 iprae
852 5299 965 5370 purstulo,
981 5314 1090 5353 sernrns
1100 5315 1158 5354 siun
1172 5310 1259 5354 taruen

473 5401 535 5470 aula
547 5405 636 5466 pbstea
659 5395 772 5449 venient.
788 5393 853 5447 Natu
875 5402 903 5447 et
924 5393 949 5446 in
973 5391 1077 5445 delictis
1089 5391 1185 5444 dieitur
1199 5392 1259 5458 ιμιί-

468 5491 536 5557 Ιιιιιιιι
548 5500 656 5556 rogasse
671 5485 772 5544 lleunr,
787 5493 815 5536 et
828 5499 880 5535 uou
902 5484 1041 5537 exauditus
1055 5483 1125 5536 buno
1138 5496 1195 5534 sno
1209 5481 1261 5535 be·

475 5583 573 5638 sideria
594 5579 665 5630 ertirn
688 5576 823 5629 secularia
846 5575 1021 5628 incitaverant
1040 5573 1113 5628 illurn
1133 5574 1166 5626 ad
1179 5589 1260 5627 ‹tratr-

474 5674 558 5737 dutn;
580 5681 608 5724 et
636 5670 662 5722 in
687 5667 899 5720 tribulatiuubrns
919 5666 1109 5734 terrrpuralibns
1136 5667 1260 5735 positae,

473 5772 612 5835 optaverat
633 5770 660 5812 ιιι
681 5758 826 5812 transirent
847 5754 1030 5810 tribulationes
1053 5758 1211 5826 ternpurales
1233 5768 1261 5812 et

475 5857 573 5912 rotliret
585 5854 633 5907 llos
647 5852 718 5913 seru,
735 5859 761 5901 ct
774 5849 807 5901 ait
823 5866 829 5901 :
848 5846 916 5900 Diua
939 5863 1018 5908 viteus,
1037 5849 1102 5901 Deus
1120 5866 1188 5903 rurus
1199 5893 1207 5912 ,
1218 5861 1260 5904 ut-

475 5948 535 6009 euid
555 5962 594 5998 ute
611 5941 784 6012 dereliquisti?
798 5938 852 5994 Vos
871 5939 925 6006 ipsa
948 5939 1044 5992 Christi
1068 5950 1127 6002 est,
1144 5940 1190 5994 sed
1212 5957 1261 6009 pro

475 6040 601 6093 utetulnis
625 6038 688 6090 suis.
701 6062 706 6073 =
719 6032 816 6097 l'crbn,
834 6031 934 6099 inquit,
957 6029 1104 6082 delictorum
1124 6049 1257 6088 rtrrorurn.

466 6131 581 6182 clarum
590 6129 627 6181 ad
639 6140 664 6181 le
675 6141 724 6198 per
733 6123 809 6189 dimi,
824 6139 867 6180 nec
880 6122 1021 6189 exaudieti;
1032 6131 1055 6175 el
1069 6134 1154 6187 ttuclr,
1170 6135 1193 6183 et
1209 6141 1259 6178 unu

1055 649 1059 662 '
1104 684 1131 735 s.
1154 680 1330 738 arrnnsun
1352 681 1501 740 nrrsnoet

2066 693 2117 750 net

1330 794 1364 847 nd
1374 795 1540 865 insipientium
1553 800 1614 851 trtibi
1635 797 1719 873 (Patri.
1737 816 1792 865 ιιι,
1807 801 1840 869 9,
1853 800 1881 871 5)
1896 821 1902 858 :
1918 801 1944 858 id
1957 814 2009 869 est,
2026 816 2053 859 et
2066 824 2116 859 no·

1327 896 1368 941 ete
1383 888 1493 942 clamari
1506 932 1513 955 ‚
1525 899 1552 944 et
1570 905 1621 944 uon
1645 892 1793 957 exaudium
1810 901 1837 946 et
1849 903 1936 949 tauten
1956 894 2007 949 boc
2025 897 2113 964 ipsunt

1329 979 1399 1045 rrrrrtd
1422 996 1472 1034 non
1493 983 1639 1045 exaudisti.
1655 1001 1706 1038 trou
1721 986 1753 1039 ad
1769 985 1948 1055 insipientiam
1969 988 2034 1042 milri
2059 1004 2113 1043 raon

1326 1074 1467 1134 exaudisti.
1484 1078 1530 1130 sed
1542 1078 1623 1147 inagis
1636 1078 1669 1133 ad
1682 1080 1838 1148 sapientiam
1853 1096 1905 1136 nou
1919 1083 2072 1149 exaudisti,
2087 1095 2115 1137 ut

1328 1168 1500 1239 intelligerent
1514 1171 1576 1239 quid
1589 1187 1603 1224 a
1618 1179 1643 1226 te
1658 1182 1747 1241 petere
1761 1174 1899 1229 deberem.
1922 1176 1959 1230 Ea
1976 1177 2047 1231 euim
2067 1192 2114 1245 pe·

1327 1259 1413 1313 trbaru
1428 1277 1487 1330 una·
1501 1263 1570 1317 rrralo
1584 1279 1643 1318 meo
1664 1264 1782 1322 fortassis
1805 1269 1968 1338 acciperem.
1984 1270 2056 1325 Petis
2070 1271 2116 1324 di-

1326 1350 1412 1414 ritias‚
1427 1368 1443 1405 o
1456 1351 1554 1407 bomo!
1576 1356 1665 1424 qrranti
1679 1364 1741 1411 sunt
1757 1358 1842 1413 eversi
1855 1373 1903 1429 per
1913 1358 2019 1415 divitias
2035 1360 2113 1416 suas!

1326 1438 1401 1496 l'nde
1415 1443 1467 1497 seis
1484 1455 1570 1497 ntrtun
1593 1446 1638 1500 tibi
1654 1448 1708 1501 sint
1719 1444 1864 1517 prolaturae
1884 1447 2003 1506 divitie?
2017 1450 2114 1508 Nonne

1326 1533 1400 1586 multi
1412 1550 1543 1605 paauperes
1556 1538 1637 1594 tutius
1658 1538 1794 1606 latebaut3
1808 1542 1902 1598 diuites
1917 1542 1995 1608 laeti,
2009 1560 2072 1599 mox
2086 1557 2116 1601 ut

1325 1623 1415 1680 lucere
1429 1637 1579 1697 eruperunt,
1595 1630 1683 1699 praeda
1706 1630 1858 1689 fortioribus
1868 1622 1993 1690 irrernirt?
2005 1635 2114 1703 Quanto

1325 1719 1419 1772 melius
1434 1718 1547 1775 laterent
1557 1763 1564 1782 .
1576 1733 1676 1792 quanto
1692 1723 1787 1778 melius
1798 1726 1966 1781 nescirentur
1978 1768 1986 1791 ,
1997 1727 2043 1797 qni
2056 1742 2114 1783 coa·

1325 1811 1512 1881 peruutqnari
1524 1854 1533 1877 ,
1547 1829 1598 1866 nun
1611 1826 1718 1883 propter
1733 1817 1802 1885 «prod
1827 1828 1919 1883 erant,
1934 1817 1981 1874 sed
2002 1829 2114 1888 propter

1323 1903 1395 1970 qnnd
1418 1901 1567 1960 habebant!
1584 1906 1611 1959 ln
1630 1906 1671 1960 bis
1687 1922 1751 1975 ergo
1769 1910 1979 1978 temporalibus,
1994 1910 2112 1976 iratres,

1323 1993 1495 2049 admonemus
1514 2012 1561 2051 vos
1580 2008 1607 2052 et
1625 1999 1797 2073 exbortnurnr
1820 2001 1846 2055 iu
1869 2000 1999 2068 Dourion,
2015 2015 2045 2059 ιιι
2059 2021 2112 2058 ιιοιι

1323 2086 1418 2155 petatis
1431 2087 1528 2157 aliquid
1542 2089 1618 2159 quasi
1631 2090 1727 2156 bruni,
1744 2090 1790 2163 sed
1805 2093 1874 2162 qnod
1895 2094 1971 2149 vobis
1985 2095 2055 2150 lleus
2066 2110 2113 2149 er·

1323 2178 1414 2247 pedire
1425 2181 1485 2233 scit.
1508 2180 1577 2250 Quid
1597 2183 1667 2236 enim
1688 2184 1762 2237 rubis
1779 2184 1915 2253 expediat,
1932 2187 2044 2242 omnino
2065 2203 2110 2241 ne·

1322 2271 1406 2326 scitis.
1430 2272 1579 2343 Aliquando
1599 2274 1670 2345 quod
1688 2277 1785 2346 putatis
1806 2277 1951 2347 prodesse,
1967 2280 2065 2345 obest;
2084 2290 2111 2335 et

1322 2363 1392 2432 qnod
1409 2365 1504 2433 putatis
1526 2364 1638 2431 obesse,
1655 2367 1705 2421 bue
1717 2366 1835 2437 prodest.
1849 2366 1924 2439 AEgri
1939 2369 2011 2424 eninr
2025 2370 2108 2433 estis,

1322 2457 1404 2512 nolite
1424 2457 1528 2513 medico
1548 2458 1649 2515 dictare
1666 2477 1724 2531 quae
1739 2461 1815 2516 vobis
1834 2462 2028 2517 medicamenta
2047 2465 2110 2517 vetit
2166 2456 2174 2459 ’

1321 2562 1466 2617 apponere.
1480 2549 1506 2604 Si
1521 2548 1614 2604 doctor
1629 2551 1747 2621 gentium
1761 2551 1857 2606 Pardus
1872 2553 2010 2623 apostolus
2024 2553 2105 2616 dieit,

1321 2638 1390 2702 Quid
1405 2642 1471 2694 euim
1489 2656 1588 2694 oremus
1599 2641 1662 2695 aierit
1679 2653 1794 2711 oportet,
1810 2643 1934 2697 nescimus
1949 2642 2039 2714 (liunt.
2053 2660 2108 2707 vnt,

1320 2730 1383 2803 ἓως
1400 2741 1499 2801 quauta
1514 2733 1597 2802 uragis
1617 2734 1745 2801 unleui
1761 2743 1848 2789 tamen
1868 2750 1927 2789 cunr
1944 2735 1996 2789 sibi
2007 2736 2109 2791 videre-

1321 2833 1363 2876 tur
1377 2824 1432 2892 ipse
1445 2824 1586 2891 prudenter
1595 2841 1681 2890 orare,
1695 2835 1723 2879 nt
1736 2825 1815 2880 abeo
1828 2825 2109 2883 auferreturstituulns

1319 2913 1417 2976 earnis,
1433 2913 1545 2983 augelus
1563 2922 1662 2969 satanae
1683 2917 1726 2985 qni
1742 2932 1802 2970 euru
1817 2916 2020 2986 colaphizabat,
2036 2934 2070 2973 ue
2083 2921 2107 2973 iu

1320 3004 1500 3074 uraguitudiuc
1512 3006 1703 3060 revelationum
1717 3008 1908 3075 extolleretur,
1924 3009 1987 3077 urtid
2008 3012 2109 3066 audivit

1318 3112 1333 3148 a
1346 3096 1476 3150 bertuino?
1487 3096 1618 3166 Nauruuid
1632 3096 1729 3152 lactum
1742 3100 1864 3170 estquod
1880 3100 2003 3157 volebat?
2014 3101 2106 3167 Now:

1319 3194 1347 3238 ut
1360 3185 1435 3240 beret
1455 3187 1525 3256 tprod
1543 3187 1710 3257 expediebat.
1727 3188 1795 3256 Quid
1815 3199 1879 3260 ergo
1900 3190 2002 3246 audivit
2021 3207 2036 3247 a
2053 3192 2107 3247 bu·

1316 3276 1408 3331 ntiuol
1421 3275 1480 3342 Ter,
1498 3278 1591 3348 ineptit,
1608 3280 1693 3349 ropuui
1708 3276 1845 3333 Dourinuut
1858 3320 1865 3347 ,
1880 3291 1907 3335 ut
1920 3285 2033 3355 auferret
2046 3300 2106 3338 euru

1319 3385 1401 3433 ume,·
1414 3380 1436 3423 er
1449 3369 1513 3423 dixit
1529 3370 1608 3433 uribi,
1624 3369 1721 3440 Sufficit
1735 3371 1779 3424 tibi
1791 3373 1873 3442 pretia
1890 3390 1946 3427 utcu
1961 3391 1970 3429 .·
1984 3392 2044 3429 uum
2055 3374 2107 3430 uir‘·

1314 3471 1358 3514 tus
1378 3462 1405 3514 iu
1426 3462 1572 3529 iufirnritate
1595 3463 1724 3531 perficitur
1749 3463 1781 3536 (ll
1796 3463 1855 3519 Cor.
1882 3482 1936 3530 ιιιι,
1954 3467 2028 3540 7-9).
2051 3467 2108 3539 Ego

1317 3553 1540 3609 rnedieuncntnnr
1562 3554 1594 3609 ad
1608 3554 1705 3611 vulnus
1728 3556 1827 3626 posui:
1845 3559 1952 3627 quando
1967 3563 2105 3630 posuerint

1316 3648 1387 3709 nori,
1403 3648 1509 3716 arraudo
1520 3646 1692 3704 auferendum
1704 3649 1738 3704 sit
1750 3651 1822 3705 nori.
1834 3648 1890 3706 Non
1904 3652 2106 3724 recedattegrn-

1316 3749 1358 3793 tns
1371 3756 1385 3791 a
1401 3740 1522 3794 manibus
1537 3741 1642 3806 rnediei,
1657 3756 1709 3796 tum
1725 3742 1768 3798 det
1782 3743 1921 3798 eonsilium
1932 3745 2050 3801 medico.
2068 3748 2105 3802 lta

1315 3843 1375 3887 snut
1393 3834 1441 3886 istn
1462 3834 1550 3888 ornnia
1570 3835 1733 3905 trrupnralia.
1763 3835 1960 3893 Tribnlationes
1980 3850 2057 3903 strat:
2081 3843 2103 3896 si

1316 3923 1383 3979 beue
1405 3925 1471 3979 eolis
1489 3925 1589 3987 ilenrn,
1606 3928 1711 3982 rimeris
1728 3929 1788 3998 quia
1818 3928 1892 3984 novit
1917 3931 1981 4000 qnid
2006 3933 2105 4004 cuique

1314 4015 1437 4086 expediat
1458 4033 1465 4071 ι
1487 4017 1676 4087 prosperitates
1696 4028 1777 4084 snnt;
1794 4021 1877 4091 magis
1900 4035 1966 4077 care
1990 4037 2025 4078 ne
2041 4024 2105 4094 ipse

1314 4121 1484 4179 euuannpaut
1509 4113 1625 4166 aninnnu
1651 4122 1740 4177 tuum,
1755 4122 1784 4168 ut
1804 4114 1838 4169 ab
1852 4130 1884 4171 eo
1897 4117 1942 4186 qui
1969 4116 2029 4174 brec
2056 4119 2104 4174 de·

1314 4203 1353 4257 dit
1376 4203 1491 4258 recedat.
1521 4204 1588 4274 Ergo
1609 4204 1658 4260 iste
1685 4205 1835 4277 intelligens
1865 4208 1992 4276 unidait?
2015 4209 2103 4275 Dens,

1314 4296 1405 4350 eerrudi
1427 4296 1565 4350 orationem
1586 4313 1686 4362 rneuut,·
1708 4298 1811 4353 uuribur
1834 4299 1933 4371 percipe
1954 4301 2029 4356 verbu
2053 4304 2105 4358 oria

1314 4387 1371 4441 urei.

1349 4480 1375 4535 b.
1405 4480 1479 4550 luera.
1494 4480 1532 4550 5·i
1550 4480 1675 4546 Quoniam
1687 4481 1958 4537 ulierribuurrexerunt
1970 4484 2106 4540 aduersum

1314 4589 1363 4625 rite.
1378 4574 1426 4638 Qui
1447 4572 1652 4627 alicni'lb'oune
1679 4573 1735 4642 ipse
1760 4573 1842 4628 David
1860 4573 1967 4631 indaens
1990 4589 2052 4633 erat
2072 4581 2105 4634 de

1314 4667 1384 4719 tribu
1399 4664 1485 4719 larda?
1502 4664 1559 4732 lpse
1580 4675 1667 4718 irritent
1690 4665 1762 4720 locus
1778 4663 1845 4736 Zipb
1867 4664 1899 4720 ad
1922 4668 2021 4723 tribum
2037 4669 2106 4724 inda

1313 4759 1475 4829 pertinebat,
1492 4758 1644 4812 Jndmurnnt
1666 4768 1733 4813 erat.
1758 4759 1898 4826 Quomodo
1915 4775 1980 4830 ergo
2002 4763 2107 4817 alieni?

1313 4849 1371 4904 Nun
1393 4851 1520 4912 riritate,
1536 4865 1588 4902 uon
1603 4849 1691 4915 tribu,
1705 4867 1757 4903 non
1777 4851 1949 4918 cognatione,
1965 4853 2013 4907 scd
2027 4855 2104 4908 bore.

1313 4940 1378 4994 Nam
1393 4941 1432 4994 vis
1449 4956 1527 4994 nosse
1539 4940 1641 4994 alienos
1655 4939 1739 4994 istos?
1752 4938 1780 4995 Ιιι
1793 4941 1846 4995 aiio
1854 4941 1957 5011 psalmo
1967 4942 2012 4997 dlii
2024 4944 2106 5000 alieni

1313 5036 1374 5091 dieti
1390 5045 1461 5098 snut,
1477 5050 1620 5102 queruntur
1632 5034 1741 5087 locutum
1758 5046 1794 5089 eat
1806 5036 1952 5101 nouitatem,
1968 5039 2108 5093 etdertrra

1312 5143 1399 5181 cortun
1419 5126 1521 5179 dexteru
1544 5125 1746 5195 iniquitatium
1767 5134 1908 5182 enumerat
1934 5126 2030 5185 borean
2058 5131 2107 5186 zt-

1313 5218 1448 5287 pluroruut
1462 5234 1469 5270 :
1483 5218 1595 5282 Quorum
1606 5216 1652 5282 {ilii
1663 5233 1749 5270 cerunt
1761 5217 1827 5271 uelut
1837 5217 1942 5273 novellu:
1956 5225 2108 5278 commeru-

1314 5321 1346 5363 ιο
1357 5310 1382 5362 in
1391 5310 1519 5380 juunurue
1532 5325 1578 5361 suu
1588 5324 1598 5361 :
1608 5308 1670 5376 filiu
1685 5325 1770 5362 eorum
1792 5311 1937 5382 eorrtpovitoe
1953 5323 2105 5384 stemate,

1312 5405 1376 5456 sicut
1390 5401 1528 5455 riutilitudo
1543 5402 1647 5470 terupli,·
1660 5401 1763 5455 cellurio
1776 5418 1862 5456 eorum
1872 5403 1966 5474 plenu,
1981 5417 2109 5462 mutan*

1314 5495 1348 5548 tiu
1360 5511 1393 5548 ex
1405 5494 1452 5547 boc
1462 5493 1487 5547 iu
1502 5493 1549 5546 doc
1562 5511 1572 5545 :
1584 5507 1641 5547 oues
1661 5509 1748 5547 corrrut
1757 5494 1889 5565 secunde,
1904 5497 2109 5568 multiplicantes

1313 5589 1339 5651 in
1360 5587 1465 5641 eritibur
1485 5587 1555 5651 δοίη
1573 5585 1646 5639 boues
1660 5602 1747 5640 eorum
1767 5589 1845 5642 crurvi
1865 5603 1875 5643 .·
1897 5605 1947 5644 nutv
1967 5601 2004 5645 est
2030 5595 2110 5646 ruina

1314 5680 1390 5748 repis,
1405 5694 1450 5731 nee
1468 5677 1565 5740 unitus,
1577 5693 1655 5746 neque
1668 5677 1765 5732 ciuuror
1779 5680 1806 5734 iu
1827 5679 1917 5750 pluteit
1935 5698 2035 5737 corum.
2052 5682 2109 5740 Sed

1315 5771 1376 5825 ride
1388 5770 1521 5839 Zipbnus,
1537 5770 1595 5824 vide
1607 5769 1640 5823 ad
1651 5780 1754 5840 tempus
1769 5770 1906 5827 florentes.
1915 5771 2022 5830 beatum
2034 5778 2106 5833 utu·

1314 5874 1373 5917 ruut
1396 5862 1517 5932 populum
1536 5863 1577 5914 rai
1599 5863 1652 5916 lruc
1675 5872 1743 5918 runt.
1765 5863 1859 5919 Merito
1880 5863 1925 5919 dlii
1948 5867 2042 5923 alieni.
2065 5867 2110 5924 Tu

1314 5952 1397 6023 qnid,
1419 5954 1501 6005 lateus
1521 5952 1590 6006 inter
1610 5950 1756 6024 Zipbaeos?
1777 5952 1870 6009 lleutru
1893 5957 2003 6026 populus
2031 5962 2108 6029 cujus

1346 6135 1354 6166 ¹
1367 6135 1447 6194 abest,
1462 6140 1518 6190 ιὀιι,
1532 6137 1606 6181 alles.
