5025 6925
364 778 368 784 .
396 712 450 771 otu
935 688 1139 757 enuntiatur
1148 696 1179 753 ΙΝ
1191 697 1350 757 Psttttutt
1370 700 1435 755 Ltt.
1957 709 2007 766 qpq

397 826 561 901 mmpludirs
568 822 729 880 menedich
741 819 875 875 attendere
888 818 1003 871 inermes
1014 808 1173 875 manus.sed
1229 819 1326 866 terram
1341 814 1422 883 pluria
1438 815 1530 885 ipsius.
1544 815 1567 872 0
1586 818 1710 873 lrnretiea
1733 819 1850 876 insania!
1865 820 1940 888 Quod
1953 837 2006 884 no„
2041 885 2050 894 ἱ

396 929 562 976 nsnrmatum
578 916 655 972 :inde
664 914 765 986 gladius
777 908 902 980 processit
911 921 963 975 qun
972 903 1092 959 Christus
1106 899 1175 955 oeci·
1231 901 1305 957 uides
1318 904 1403 959 credis
1413 921 1525 969 mecum,
1535 908 1603 977 quod
1616 910 1687 965 uides
1698 926 1796 982 ttequs:
1810 913 1896 968 credis
1906 930 2009 971 mecum

396 1012 517 1073 dereturt
530 1007 663 1079 quomodo
684 1003 761 1060 etde
774 1017 821 1057 ore
838 997 957 1061 Christi,
973 995 1041 1049 irride
1056 1004 1082 1048 et
1093 989 1177 1048 Judaei
1230 997 1370 1053 exaltatum
1385 999 1517 1057 Christum
1531 1017 1611 1072 super
1623 1005 1714 1069 coelos,
1730 1006 1799 1075 quod
1813 1021 1864 1060 uon
1880 1008 2008 1072 ridemus

397 1103 592 1159 occiderentur.
613 1096 695 1151 liahet
719 1092 789 1147 enim
804 1089 847 1144 ille
858 1086 972 1159 gladium
991 1084 1030 1139 his
1048 1090 1154 1137 acutum
1167 1080 1176 1111 ¹
1231 1097 1258 1143 et
1271 1105 1350 1161 rregus
1364 1090 1472 1161 gloriam
1485 1094 1542 1164 ejus
1552 1110 1630 1165 snper
1643 1112 1749 1151 nrttnem
1763 1107 1870 1164 terram,
1885 1100 1955 1170 quod
1970 1102 2012 1155 si·

398 1196 493 1266 (spor.
510 1206 539 1258 t,
554 1188 598 1260 lh)
610 1205 616 1242 :
628 1195 656 1243 et
670 1199 809 1254 resurgens
822 1177 950 1250 percussit
964 1191 1010 1231 cos
1022 1217 1030 1239 ,
1043 1183 1070 1229 et
1090 1170 1179 1225 diuisit
1230 1179 1334 1237 demus,
1349 1182 1468 1239 prmum
1488 1204 1563 1256 ,uper
1574 1189 1658 1255 mm,
1675 1188 1744 1245 Dm
1755 1231 1763 1255 ν
1774 1200 1797 1244 α
1816 1207 1892 1262 mm
1915 1209 2012 1254 omnm

398 1283 434 1339 alt
446 1282 485 1338 eis
493 1295 559 1351 quos
569 1277 669 1333 laceret
681 1273 771 1329 hdeles
785 1285 856 1326 suos.
878 1268 919 1323 llli
933 1266 1030 1320 malum
1042 1261 1157 1333 gladium
1169 1298 1177 1322 ,
1231 1280 1323 1325 ,mm
1333 1274 1414 1345 9105,
1424 1285 1477 1331 ma·
2006 1310 2010 1316 -

337 1435 343 1453 ι
398 1375 446 1431 ille
459 1374 570 1428 honum:
586 1369 624 1425 illi
635 1368 743 1438 sagittas
755 1363 846 1426 mulus,
860 1360 904 1414 ille
916 1359 1008 1413 bonas.
1020 1355 1085 1409 liam
1099 1351 1180 1406 hahet
1268 1363 1311 1417 qq,
1324 1362 1398 1436 [vm.
1414 1366 1453 1441 7¹]
1465 1368 1544 1425 Redit
1561 1370 1594 1426 ad
1609 1371 1689 1427 mha
1712 1373 1816 1428 Domini
1829 1392 1837 1432 :
1851 1383 1878 1430 et
1890 1376 1946 1445 ipse
1962 1377 2015 1432 Do.

396 1476 428 1521 et
446 1464 504 1535 ipae
515 1462 623 1532 cupitus
633 1458 734 1521 honus,
748 1452 828 1509 rerba
843 1451 922 1515 hona,
933 1447 1002 1503 unde
1014 1445 1118 1515 sagittat
1133 1455 1180 1496 cor
1232 1454 1318 1509 minus
1331 1471 1439 1513 „amm
1453 1460 1528 1515 nobis
1541 1461 1646 1531 incipit,
1660 1471 1783 1533 tanquam
1796 1466 1932 1537 auoquens
1947 1483 2013 1533 nos,

333 1557 336 1561 ’
400 1555 491 1618 ιιιΙιΙο,
506 1560 534 1608 ut
547 1558 659 1605 ametur.
671 1546 743 1617 Ergo
754 1543 812 1598 alte
827 1542 936 1596 istorum
949 1537 1061 1608 sagitte,
1072 1542 1100 1588 et
1112 1532 1180 1586 alius
1232 1547 1379 1604 exsultante
1391 1551 1470 1606 etiam
1485 1552 1615 1623 propheta
1629 1564 1656 1610 οι
1670 1556 1790 1622 dicente,
1807 1558 1928 1614 mm
1939 1577 2015 1629 ww

400 1652 512 1705 istorum
524 1643 636 1717 gladius.
650 1640 715 1695 Filii
727 1638 855 1693 hominurn
868 1633 952 1687 denter
972 1645 1059 1686 eornm
1072 1641 1143 1680 orme
1156 1631 1181 1678 ct
1233 1639 1317 1706 Μ,
1327 1639 1406 1706 pm„
1419 1653 1443 1696 a
1456 1660 1532 1715 W
1540 1662 1637 1699 onmem
1650 1656 1741 1701 mm
1754 1648 1835 1719 qm
1845 1659 1897 1703 ma·
1910 1650 2014 1706 Confir-

399 1741 507 1811 nqittae,
520 1745 543 1792 tl
555 1736 641 1807 finalia
651 1746 737 1788 emm
759 1726 883 1782 malma
898 1732 982 1777 miss-
996 1719 1094 1787 thua
1112 1714 1181 1768 ⁶¹3⁰·
1233 1738 1288 1783 mut
1311 1746 1359 1786 nos
1379 1733 1494 1802 etipse,
1509 1744 1632 1807 tanquam
1647 1737 1738 1794 dicens
1753 1740 1850 1796 nohis:
1866 1740 1935 1809 Quid
1951 1740 2014 1797 mihi

400 1846 460 1885 rum
473 1826 609 1883 hominum
618 1819 749 1877 machaera
761 1821 853 1881 acuta,
865 1823 892 1869 et
903 1812 996 1867 dentes
1005 1821 1096 1863 eorum
1107 1816 1182 1858 anne
1233 1817 1319 1876 [ΜΝ
1337 1830 1479 1892 pomerum
1499 1824 1535 1881 31¹3
1557 1827 1601 1897 qui
1614 1843 1657 1883 me
1680 1830 1810 1899 persecuti
1830 1832 1914 1886 sum?
1927 1832 2015 1899 Qum

400 1930 429 1977 et
450 1919 561 1989 etgittae.
583 1911 693 1983 Quando
713 1924 777 1980 ergo
800 1910 1003 1977 percusserunt,
1017 1891 1181 1966 nisiqusndo

399 2012 581 2066 clamaverunt
596 2022 603 2059 ι
618 2002 758 2073 Crucifiqe,
771 1997 889 2067 nucifiqe
903 1992 1008 2067 (tintus
1019 2003 1106 2054 sxrn,
1121 1987 1147 2050 i,
1158 1993 1182 2039 et

400 2101 480 2157 John.
495 2114 549 2165 xrs,
564 2094 611 2168 dli
644 2102 647 2108 '

440 2195 483 2249 ld.
498 2190 571 2265 [rere.
586 2185 625 2259 6.]
636 2187 669 2242 Et
676 2182 739 2256 quid
754 2181 799 2238 tihi
818 2179 946 2238 lecerunt.
960 2170 1183 2232 nilominelhr-

402 2286 483 2339 multet
495 2281 538 2336 hic
554 2279 698 2348 Propheta.
723 2271 850 2342 Superius
864 2268 934 2325 enim
947 2279 1040 2320 omnes
1052 2262 1111 2318 illos
1124 2276 1184 2317 ver·

403 2391 449 2431 sus
459 2372 586 2429 hominm
609 2366 766 2437 loquebatur
780 2380 787 2416 ε
801 2360 932 2428 Propheta
953 2354 1077 2427 quidem,
1091 2350 1137 2407 sed
1149 2365 1183 2405 ex

404 2479 516 2539 persona
526 2457 707 2535 homini,quio
714 2457 740 2511 in
750 2452 881 2523 Propheta
892 2448 1028 2504 Demittus.
1037 2443 1072 2499 Et
1079 2441 1184 2515 quando

404 2558 521 2629 loquitur
537 2569 569 2609 ex
592 2562 704 2621 persona
718 2559 765 2601 sua
779 2540 921 2612 Propheta,
937 2538 993 2607 ipse
1002 2534 1129 2611 Dominus
1142 2531 1184 2588 lo·

403 2652 493 2720 quitur
501 2662 549 2718 per
561 2658 637 2707 enm,
651 2639 696 2711 qui
710 2638 734 2693 ei
755 2636 837 2692 dictat
850 2631 987 2687 veritatem
997 2642 1074 2698 qnam
1090 2626 1184 2695 loqua-

403 2752 456 2797 tur.
469 2737 547 2795 llndo
559 2750 622 2806 erpo
642 2748 675 2786 en
687 2742 798 2799 perenm
810 2725 949 2795 Prophetae
966 2719 1073 2783 audite,
1089 2716 1185 2772 tratres

403 2833 467 2890 mei.
479 2829 551 2885 llidit
570 2826 710 2882 Dominum
723 2822 749 2875 in
763 2817 861 2888 Spiritu
880 2816 931 2869 iste
951 2810 1078 2883 propheta
1097 2808 1182 2862 humi·

403 2925 506 2988 liatum,
518 2932 627 2981 cresum,
639 2912 814 2984 flagellatum,
828 2903 947 2975 colaphis
958 2913 1124 2972 percussum,
1137 2912 1185 2952 ex·

405 3017 547 3086 palmatum
560 3006 692 3069 manibus,
706 3000 790 3072 sputis
799 2997 911 3061 illitum,
924 2992 1006 3063 spinis
1018 2997 1183 3056 coronatum,

345 3166 347 3169 ,
405 3109 475 3178 lieno
487 3113 656 3172 suspensum
669 3095 730 3150 illos
751 3090 889 3146 sevientes
900 3127 908 3152 ,
921 3083 994 3139 illum
1008 3081 1183 3146 tolerantcm3

404 3201 466 3256 illos
477 3195 651 3257 exsultantes,
667 3188 739 3243 illurn
753 3182 827 3254 quasi
837 3181 934 3235 nictum
946 3176 1012 3232 ridit
1025 3176 1052 3229 in
1064 3172 1163 3243 Spiritu
1175 3186 1184 3226 t

402 3298 503 3361 etpost
518 3287 589 3342 illam
599 3282 654 3354 jam
679 3292 785 3352 omnem
798 3271 1023 3334 humiliationem,
1037 3277 1062 3322 et
1081 3264 1185 3320 illorum

402 3385 522 3439 lrrorem
535 3371 711 3432 resurrexisse
723 3381 793 3431 eum,
808 3372 835 3419 et
847 3362 890 3418 illa
903 3358 1058 3428 omniaque
1070 3355 1188 3410 fecerant

398 3473 488 3532 iudai
502 3469 642 3524 sevientes
653 3459 721 3516 lucta
731 3471 790 3513 esse
802 3452 907 3516 inania3
921 3458 948 3506 et
962 3447 1066 3504 elatus'
1079 3443 1184 3515 gaudio,

399 3576 531 3636 tanquam
549 3557 650 3614 rideret
671 3551 744 3616 lieri,
756 3545 890 3609 deuitare,
907 3541 1086 3612 inqni1,super
1099 3535 1183 3602 cehe,

393 3661 484 3715 Dens.
507 3653 594 3710 llomn
608 3649 635 3704 in
657 3658 752 3707 cruce,
765 3650 793 3698 et
808 3653 887 3709 super
902 3634 984 3691 coelos
997 3633 1075 3688 heus.
1091 3630 1186 3685 henra-

394 3757 485 3808 neant
506 3747 534 3801 in
559 3752 629 3798 terra
642 3736 797 3795 sevientes,
811 3739 838 3787 tu
859 3729 886 3783 in
899 3726 968 3783 coelo
981 3733 1039 3779 esto
1053 3721 1185 3793 iudicans.

392 3844 455 3902 ltot
465 3847 529 3897 sunt
541 3834 586 3906 qui
600 3826 731 3887 lurehnnti
743 3825 787 3880 ulti
805 3830 867 3878 sunt
879 3820 963 3873 denter
981 3832 1067 3871 eorum
1079 3830 1150 3867 mmo
1163 3821 1187 3867 et

392 3930 526 4006 upittoel
539 3925 633 3982 Nonne
654 3919 752 3991 rnqittoe
771 3912 908 3985 insontium
930 3913 1005 3981 [nete
1024 3915 1082 3962 runt
1105 3907 1187 3977 plapae

391 4025 510 4085 eorum?
523 4021 581 4076 hlin
593 4016 664 4073 enim
678 4013 738 4067 loco
751 4006 868 4079 psalmus
881 4002 931 4058 hoe
950 3999 1024 4062 dicit,
1036 3997 1129 4053 rolens
1139 4011 1187 4053 eos

391 4114 548 4174 ostendere
561 4107 675 4165 inaniter
689 4100 798 4158 sevisse
809 4139 816 4163 ,
829 4105 855 4152 et
869 4093 982 4150 inaniter
992 4091 1017 4145 iu
1028 4088 1108 4144 lurias
1121 4103 1188 4156 pre·

391 4211 528 4281 cipitatos
539 4216 618 4258 esse:
633 4194 756 4268 quioniam
771 4188 837 4246 nihil
851 4190 994 4257 potuerunt
1012 4181 1098 4236 lacere
1108 4179 1188 4234 Chri·

395 4313 446 4360 sto
455 4299 491 4356 ad
507 4298 598 4351 horam
611 4287 747 4348 crucifixo,
762 4291 788 4338 et
802 4288 890 4350 postea
901 4273 1057 4344 resurgenti,
1071 4280 1150 4340 atque
1160 4270 1186 4325 in

395 4394 476 4451 toelo
495 4385 615 4450 sedenti,
629 4381 728 4452 supine
745 4373 880 4443 insontium
893 4372 966 4437 [octe
974 4374 1031 4422 runt
1049 4364 1131 4435 plepte
1143 4379 1187 4418 eo·

399 4501 462 4540 nun
473 4479 558 4546 tent.
574 4490 656 4538 ιιιιι,
670 4471 708 4541 8).
731 4463 869 4535 Quomodo
888 4458 1000 4515 infantes
1020 4456 1117 4511 iaciunt
1137 4454 1187 4510 sihi

400 4573 533 4646 sagittas?
548 4568 586 4624 [le
606 4563 698 4621 cannis
710 4560 731 4613 ⁸.
746 4556 853 4627 Sugithe
865 4561 953 4606 autem
976 4547 1056 4617 quael
1070 4554 1116 4601 aut
1128 4560 1188 4616 quen

403 4664 554 4721 tircslnut
566 4658 610 4729 qui
624 4652 714 4711 arcusl
727 4659 771 4704 nrrt
784 4647 827 4718 qui
840 4643 924 4700 ictusl
934 4649 979 4696 ant
992 4639 1060 4711 quod
1073 4639 1188 4695 rulnusl

406 4757 530 4814 lunum
541 4767 617 4820 super
625 4746 708 4810 celon
716 4742 795 4806 Deus,
804 4750 827 4794 et
838 4749 1019 4805 supernomen
1030 4745 1122 4787 unum
1135 4731 1190 4804 qlo-

407 4851 445 4904 rin
456 4857 513 4901 ton.
526 4840 622 4912 thuid
633 4834 757 4892 exaltaris
772 4845 853 4902 super
870 4827 952 4883 coelos
966 4823 1052 4879 Densi
1063 4821 1187 4889 Fratres,

408 4943 552 4999 exaltatum
564 4935 649 4990 ileum
661 4943 740 4998 super
749 4925 842 4986 coelos,
855 4935 906 4974 non
922 4917 1057 4980 ridemus,
1070 4915 1117 4970 sed
1128 4929 1188 4969 cre·

409 5035 495 5089 dirnur
508 5046 517 5085 t
529 5039 609 5096 snper
622 5034 727 5077 omnem
738 5024 825 5072 aretem
839 5021 934 5067 terram
947 5006 1121 5078 gloriameJos
1135 5019 1187 5060 non

409 5134 511 5180 tentum
524 5116 667 5176 credimus,
680 5109 725 5166 sed
740 5109 820 5162 etiarn
834 5102 961 5158 videmus.
975 5097 1083 5166 Qualem
1097 5111 1187 5151 verum

374 5195 378 5198 V
409 5213 541 5272 resattinm
561 5206 692 5278 potiantur
717 5195 852 5257 heretici,
874 5205 965 5262 qnaeso
987 5196 1016 5242 ut
1037 5185 1187 5241 attendatis.

409 5305 446 5361 illi
462 5298 565 5374 precisi
584 5313 598 5350 a
615 5290 768 5362 compagine
782 5285 906 5341 eoeleste.
919 5278 1033 5342 Christi,
1046 5286 1074 5332 et
1087 5285 1188 5347 portem

408 5404 539 5452 tenentes,
551 5396 633 5443 toturn
646 5384 812 5441 amittentes,
825 5376 918 5430 nolunt
928 5369 1121 5427 communicare
1131 5367 1189 5422 orbi

409 5496 550 5546 terrarum,
560 5495 611 5551 qua
621 5474 714 5531 diffusa
722 5479 762 5526 est
771 5468 851 5540 glorie
862 5463 970 5520 Christi.
981 5461 1035 5516 Not
1044 5468 1131 5514 autem
1140 5458 1189 5514 Ca·

410 5574 500 5633 tholiei
511 5569 619 5628 inomni
631 5579 699 5622 terra
711 5574 812 5624 snmus,
824 5558 884 5627 quin
897 5553 968 5610 omni
979 5561 1056 5607 terre
1068 5564 1187 5606 eommu-

409 5648 526 5725 nicrmns
536 5670 701 5734 quacumque
710 5651 793 5723 gloria
804 5647 898 5704 Christi
911 5640 1189 5701 clementitinum

410 5761 478 5815 enim
489 5754 561 5830 quod
575 5762 638 5808 tunc
655 5756 788 5803 cantatum
799 5749 848 5806 est,
860 5738 939 5796 modo
949 5735 1119 5805 completum.
1132 5731 1189 5786 Ex·

1233 1920 1321 1968 autem
1336 1929 1384 1969 nos
1401 1916 1554 1987 alloquitur?
1568 1917 1634 1986 Quia
1648 1917 1747 1974 iaciunt
1760 1929 1786 1975 et
1807 1920 1893 1976 nohis.
1908 1921 1960 1977 Sed
1973 1920 2016 1976 ni-

1233 2002 1271 2060 hil
1286 2005 1383 2061 iaciunt
1400 2009 1444 2076 qui
1457 2023 1504 2063 nro
1515 2009 1641 2065 similiter
1655 2008 1751 2066 luerint
1764 2013 1907 2081 persecuti.
1923 2012 2018 2068 Vident

1234 2094 1304 2148 enim
1319 2092 1440 2151 Charitas
1454 2096 1545 2152 Vestra
1563 2098 1739 2168 alloquentem
1754 2114 1802 2154 nos
1816 2099 1974 2167 Dominum,
1989 2111 2018 2156 et

1233 2186 1420 2244 exhortantem
1432 2203 1481 2245 nos
1506 2190 1627 2260 exemplo
1646 2205 1705 2245 suo.
1729 2190 1898 2262 lluscipulnm
1912 2209 2018 2262 perone·

1233 2287 1294 2333 runt
1305 2279 1407 2350 pedihus
1419 2280 1488 2345 nucis,
1504 2291 1528 2334 et
1536 2281 1724 2336 incurvaverunt
1736 2282 1847 2336 unimam
1857 2299 1947 2336 ntennr.
1962 2283 2017 2337 llo·

1235 2368 1339 2424 luerunt
1353 2368 1423 2423 illam
1434 2371 1508 2441 quasi
1521 2369 1555 2425 de
1565 2371 1635 2425 cmlo
1648 2370 1791 2440 deponere,
1806 2382 1833 2426 et
1846 2373 1878 2425 ad
1893 2371 2017 2431 inlcrlortt

1234 2460 1383 2530 deprimere
1399 2477 1405 2512 ι
1419 2461 1574 2516 Cnroueruut
1587 2461 1697 2514 aninum
1708 2478 1799 2516 mcum.
1815 2460 1946 2516 Foderunt
1960 2471 2018 2516 onte

1235 2553 1325 2622 [aciem
1348 2568 1428 2606 menen
1442 2556 1556 2624 (meunt,
1570 2561 1594 2607 et
1616 2553 1666 2623 ipsi
1679 2553 1820 2607 inciderunt
1832 2554 1858 2607 in
1875 2570 1941 2608 eom.
1955 2552 2017 2608 tltht
2073 2580 2074 2584 1
2131 2553 2134 2557 ’

1235 2644 1397 2709 nocuerunt,
1412 2658 1445 2696 an
1460 2642 1529 2698 siltil
1539 2643 1607 2699 Eece
1620 2642 1665 2699 ille
1678 2644 1807 2699 exaltatus
1820 2652 1862 2699 cst
1874 2659 1953 2714 snper
1964 2660 2020 2702 ete-

1235 2734 1275 2790 los
1290 2735 1368 2799 Deus,
1383 2742 1411 2789 et
1424 2748 1486 2789 ecce
1496 2749 1577 2803 super
1586 2749 1692 2789 omnem
1709 2742 1806 2790 terrum
1820 2735 1904 2805 glorio
1917 2736 2017 2806 ipsius:

1235 2842 1345 2896 regnum
1357 2824 1455 2883 Christi
1469 2826 1600 2894 uidemus,
1615 2826 1658 2881 uhi
1670 2836 1713 2882 est
1733 2842 1842 2898 regnum
1855 2827 2020 2884 Jndsnoruntl

1235 2919 1365 2989 Quoniam
1377 2934 1440 2990 ergo
1456 2917 1574 2974 lecerunt
1592 2918 1662 2988 quod
1684 2918 1772 2974 lucere
1789 2935 1842 2973 nnn
1855 2919 2017 2985 debuerunt,

1236 3009 1384 3065 factumest
1395 3009 1420 3065 in
1432 3010 1492 3064 illos
1503 3007 1573 3080 quod
1586 3009 1638 3078 pati
1652 3008 1823 3064 debuerunt:
1840 3009 1888 3078 ipsi
1902 3010 2020 3080 foderuut

1236 3103 1350 3173 suumne,
1364 3110 1388 3156 et
1399 3101 1449 3172 ipsi
1460 3100 1601 3156 inciderunt
1615 3101 1641 3155 in
1663 3115 1727 3153 cum.
1741 3099 1815 3165 Quod
1839 3101 1909 3155 enirn
1931 3115 2022 3170 perse·

1236 3196 1290 3251 cuti
1304 3203 1365 3250 sunt
1378 3193 1523 3260 Christum,
1539 3193 1646 3248 Christo
1659 3207 1711 3248 nnn
1725 3193 1818 3254 ohluit,
1837 3192 1882 3269 sed
1896 3193 1960 3263 ipsis
1973 3192 2022 3247 olt-

1236 3284 1295 3340 luit.
1321 3285 1355 3339 Et
1367 3285 1447 3339 nolite
1459 3293 1569 3353 putare,
1581 3282 1695 3351 iratres,
1709 3283 1774 3353 ipsis
1796 3283 1860 3339 solis
1880 3282 1930 3339 hnc
1948 3284 2020 3338 acci·

1236 3376 1318 3432 disse.
1331 3376 1423 3431 Omnis
1437 3376 1482 3445 qui
1494 3383 1570 3447 peret
1579 3375 1681 3429 loreum
1696 3373 1770 3429 iratri
1783 3390 1842 3437 sne,
1857 3389 1966 3429 neeesse
1980 3383 2022 3429 est

1236 3477 1267 3525 ut
1278 3469 1335 3539 ipse
1347 3466 1446 3523 ineidat
1466 3466 1491 3521 lu
1505 3481 1575 3521 corn.
1591 3463 1737 3530 intendite,
1754 3464 1849 3520 iratres
1864 3466 1934 3532 mei,
1948 3465 2021 3520 chri-

1237 3560 1337 3617 stianos
1347 3560 1439 3614 oculos
1453 3557 1565 3623 habete,
1581 3558 1662 3613 nolite
1672 3556 1758 3625 decipi
1771 3557 1929 3612 visihilihus.
1942 3555 2022 3612 Ptrrte

1236 3653 1308 3708 enim
1332 3651 1409 3706 alicui
1422 3658 1555 3716 vestrum,
1567 3650 1627 3719 quin
1649 3651 1698 3703 hnc
1710 3647 1783 3714 dixi,
1802 3650 1925 3704 snhvenit
1940 3649 2022 3703 titudo

1237 3743 1331 3813 aliquis
1343 3742 1388 3812 qui
1400 3740 1483 3796 uoluit
1497 3740 1569 3794 lrntri
1580 3754 1628 3795 son
1647 3739 1765 3795 lraudem
1778 3738 1885 3805 lacere,
1900 3750 1927 3796 et
1939 3740 2023 3795 volutit

1237 3834 1261 3889 ei
1276 3834 1376 3904 aliquas
1397 3831 1505 3887 insidias
1518 3830 1678 3897 machinari,
1698 3840 1726 3886 ct
1749 3831 1914 3888 machinatus
1924 3842 1981 3899 est,
1995 3841 2024 3889 et

1237 3923 1372 3994 implevit,
1385 3931 1412 3977 et
1426 3922 1521 3977 cecidit
1533 3921 1613 3976 irater
1626 3921 1651 3975 in
1666 3921 1774 3976 insidias
1795 3922 1869 3991 ejus,
1884 3932 1911 3976 et
1923 3922 2022 3993 spolia-

1238 4025 1281 4072 tus
1299 4022 1349 4080 est,
1362 4023 1407 4068 aut
1419 4025 1526 4082 pressus
1549 4019 1604 4077 est,
1618 4011 1674 4066 siue
1692 4007 1800 4066 carcere
1812 4051 1819 4074 ,
1832 4011 1890 4065 sire
1905 4010 1970 4066 luiso
1984 4020 2024 4067 to-

1237 4105 1382 4167 stitnonin,
1396 4105 1452 4158 sine
1472 4103 1559 4172 eliqua
1581 4101 1681 4157 nelaria
1703 4101 1888 4157 criminatione
1909 4102 2023 4157 circum·

1238 4207 1350 4254 nentus:
1365 4196 1470 4252 ridetur
1483 4205 1571 4250 autem
1595 4193 1646 4250 iste
1668 4208 1828 4265 oppressus,
1845 4195 1888 4249 ille
1909 4209 2022 4264 oppres·

1238 4293 1315 4358 sisse;
1331 4271 1385 4346 iste‘
1394 4289 1491 4353 victus,
1505 4289 1549 4344 ille
1564 4288 1675 4351 urcisse;
1689 4297 1717 4342 et
1727 4287 1820 4341 lalsum
1832 4296 1939 4357 punitur
1952 4287 2022 4357 qnod

1238 4384 1371 4450 diximus,
1386 4382 1509 4452 quonium
1530 4380 1690 4450 quicumque
1702 4378 1804 4434 loreum
1825 4379 1957 4449 paraverit
1971 4380 2025 4434 lrna

1239 4475 1273 4531 tri
1293 4489 1362 4538 suo,
1381 4474 1438 4545 ipse
1452 4472 1522 4528 cudit
1545 4471 1572 4525 in
1592 4486 1661 4526 erm.
1685 4469 1821 4542 interrogo
1838 4485 1885 4525 vos
1898 4481 2022 4543 umquam

1238 4568 1416 4629 christianos,
1432 4574 1461 4620 ut
1484 4562 1594 4618 sumatis
1606 4563 1755 4635 erernplum
1777 4562 1868 4618 dehis
1888 4580 1948 4634 quse
1967 4565 2023 4633 jum

1239 4662 1370 4719 norimus.
1381 4657 1479 4729 Papani
1490 4656 1619 4729 persecuti
1631 4665 1693 4711 sunt
1706 4662 1846 4726 martyres,
1858 4664 1884 4733 et
1895 4664 2024 4727 rnnrtprns

1239 4752 1310 4824 cepti
1323 4758 1400 4817 sunt,
1417 4748 1489 4820 ligati
1502 4755 1582 4811 sumt,
1598 4746 1625 4800 iu
1649 4760 1782 4802 carcerem
1796 4746 1959 4807 missisunt,
1975 4746 2026 4799 be·

1239 4847 1298 4902 stiis
1319 4841 1433 4899 subrecti
1457 4848 1519 4894 sunt
1534 4841 1563 4905 ¹,
1578 4838 1621 4894 nlii
1648 4837 1719 4894 ierro
1739 4838 1876 4906 percussi,
1891 4836 1935 4891 elii
1957 4837 2025 4907 igui-

1240 4941 1289 4997 hus
1312 4934 1472 4992 concremati
1498 4949 1506 4988 ε
1532 4931 1652 4987 uicerunt
1674 4937 1887 5000 persequentes,
1915 4937 1942 4983 et
1962 4928 2023 4983 victi

1239 5037 1301 5087 sunt
1315 5023 1464 5097 martyres?
1473 5023 1557 5079 hhsit.
1573 5022 1667 5091 Quaere
1676 5021 1785 5093 glorium
1800 5031 1943 5090 martyrum
1954 5019 2024 5091 opud

1240 5122 1340 5185 heum,
1361 5132 1450 5188 quere
1471 5114 1572 5171 luteam
1598 5113 1760 5183 Psganorum
1775 5113 1802 5166 in
1820 5110 1942 5167 conlossu
1961 5128 2026 5167 con-

1240 5211 1349 5270 scientia
1363 5228 1370 5265 :
1384 5209 1418 5264 ihi
1432 5216 1474 5263 cst
1486 5208 1556 5262 enirn
1571 5204 1644 5260 loves
1657 5218 1709 5274 quo
1723 5203 1793 5258 cudit
1806 5204 1911 5275 hupins,
1923 5204 1949 5258 in
1960 5220 2025 5260 enn-

1239 5304 1348 5362 seientia
1372 5300 1450 5357 mala.
1464 5299 1543 5353 Putas
1557 5312 1616 5352 eum
1632 5295 1657 5351 in
1679 5296 1782 5351 loveom
1803 5310 1855 5351 non
1875 5297 2023 5360 cecidisse,
2097 5316 2101 5321 ·

1240 5398 1284 5466 qni
1298 5396 1383 5451 lucem
1393 5391 1488 5447 Christi
1503 5388 1615 5460 perdidit
1632 5399 1659 5444 et
1676 5388 1795 5444 cmcitute
1810 5403 1949 5459 percussus
1962 5388 2025 5443 est?

1239 5486 1268 5544 Si
1282 5502 1334 5542 non
1346 5482 1451 5539 caderet
1471 5481 1497 5534 in
1521 5477 1641 5543 lorcam,
1664 5478 1765 5535 videret
1784 5489 1846 5535 ante
1867 5495 1917 5536 sc:
1938 5480 2025 5535 nescit

1240 5592 1291 5648 qua
1304 5584 1363 5640 cat;
1382 5570 1514 5643 quomodo
1526 5569 1570 5640 qui
1583 5569 1700 5624 ambulat
1713 5570 1738 5624 in
1755 5570 1796 5623 rin
1815 5585 1875 5625 cnm
1898 5569 2025 5625 ceciderit

1240 5670 1267 5725 in
1283 5667 1406 5730 lorcam,
1423 5662 1536 5732 perdidit
1546 5662 1627 5717 riam.
1642 5662 1742 5718 Videtis
1756 5678 1819 5736 erpo
1833 5677 1926 5718 omncs
1944 5663 2024 5717 ruale-

1241 5759 1354 5815 lacteres
1378 5754 1524 5827 perdidisse
1546 5754 1634 5819 viam,
1654 5753 1802 5824 implicates
1824 5754 1948 5810 lucirtore.
1969 5752 2022 5809 Sed

411 5855 504 5907 dutus
517 5854 560 5904 eti
571 5857 650 5914 stlte?
660 5839 742 5895 ⁰⁰³¹OE
757 5835 827 5889 ⁰⁰¹⁸
840 5840 940 5897 ''W‘’
951 5838 978 5885 ⁰²
987 5842 1067 5899 ΜΡ(π
1080 5838 1186 5880 ⁰¹¹¹¹¹⁸¹¹¹
1238 5850 1293 5921 jum
1308 5857 1334 5903 te
1349 5845 1455 5903 tradidit
1467 5846 1493 5901 in
1507 5861 1600 5900 munus
1615 5846 1683 5902 lorte
1697 5846 1816 5926 latronis,
1831 5855 1876 5899 ant
1890 5845 1915 5898 in
1929 5858 2023 5899 meotis

438 5970 447 5997 ¹
464 5965 507 6017 uic
516 5958 572 6014 edd.
583 5954 682 6012 addunt,
692 5941 821 6000 meldensis
832 5951 854 5996 et
862 5938 1008 6008 resurpettls
1021 5950 1031 5991 :
1042 5935 1107 6002 quod
1119 5935 1189 5987 abest

407 6037 420 6070 ὃ
433 6034 499 6136 we
510 6093 562 6133 ιιι-ι.
576 6071 796 6148 trundenensis

442 6151 452 6181 ³
466 6159 509 6200 h&
521 6184 528 6206 ,
538 6153 660 6195 t'tthlll·

1240 5939 1350 6010 alicujus
1363 5936 1452 6008 injusti
1465 5937 1506 5993 rel
1520 5937 1694 5994 circumuenti
1708 5951 1723 5992 a
1736 5951 1765 5992 se
1782 5935 1878 6006 judicis
1892 5952 1899 5989 ι
1913 5944 1940 5990 ct
1956 5943 1983 5988 tn
1996 5934 2024 5991 in

1272 6053 1280 6084 ¹
1298 6049 1366 6111 edd,
1377 6047 1456 6100 heatus
1466 6046 1572 6110 subjecti.
1593 6054 1620 6096 tt
1630 6053 1693 6110 tiss..
1705 6045 1783 6099 hestiis
1802 6041 1911 6096 entrecii.
1921 6047 1973 6097 t'ld.
1984 6057 2024 6096 su·

1240 6110 1652 6180 mmmmmww.
