5025 6925
456 822 541 877 haene
552 821 580 876 io
591 816 744 880 dnmohei,
758 813 820 870 iacti
833 812 922 890 stipsi
936 810 1248 879 domusDei,etcurrus.

459 914 523 969 Dei¹
539 912 649 968 millium
663 909 818 964 laetantium.

370 1041 372 1045 ·
436 1000 443 1038 ‘
490 1005 535 1060 28.
556 1001 695 1075 [ears-Dii,
710 997 767 1072 DL]
787 999 863 1055 Unde
874 996 1124 1067 quihmeeauebat,
1142 996 1169 1049 in
1182 994 1243 1065 Spi-

455 1099 510 1149 rltu
526 1109 557 1149 ea
573 1092 735 1162 praenitens,
747 1090 871 1161 impletus
885 1090 970 1144 etiarm
980 1088 1037 1158 ipse
1061 1087 1163 1153 letitia,
1178 1102 1241 1141 eru·

454 1184 537 1238 clarit
558 1182 696 1255 hymnum,
718 1180 835 1235 diceus:
858 1178 983 1232 Dominus
1001 1176 1070 1231 Deua
1088 1176 1246 1240 benedictam.

454 1276 601 1332 imadiatns
620 1275 748 1329 Dandum·
762 1273 831 1327 Deua
845 1272 878 1325 tic
888 1270 929 1324 die
942 1271 969 1325 io
983 1269 1059 1323 dium
1072 1268 1149 1337 Quot
1171 1283 1242 1323 non·

454 1368 520 1424 nulii
542 1367 649 1423 codices
669 1366 776 1430 hahent,
793 1361 967 1433 disquatidic.
991 1361 1057 1429 Quia
1081 1360 1120 1415 sie
1144 1359 1245 1415 hahent

454 1461 556 1527 Graeci,
573 1468 661 1531 tptpca
681 1466 830 1528 καιημιμη
844 1454 917 1525 quod
932 1453 1022 1508 uerius
1034 1451 1240 1521 exprimeretur,

456 1556 497 1609 dia
515 1553 634 1626 qnotidie.
652 1553 736 1621 Quam
758 1560 824 1620 puto
843 1547 1003 1604 inanitionem
1027 1545 1077 1600 hoe
1093 1544 1243 1614 siguificare

455 1646 527 1718 qnod
541 1646 639 1701 dictum
653 1652 704 1711 est,
716 1643 748 1697 de
757 1643 798 1696 die
810 1642 837 1696 t'o
852 1640 927 1693 diem.
941 1636 1064 1705 Quotidie
1073 1635 1171 1707 quippe
1190 1636 1242 1691 hon

455 1738 511 1807 aqit
522 1751 605 1806 usque
619 1736 645 1790 in
658 1734 737 1789 linem
747 1749 756 1799 ;
768 1729 1089 1803 captivatcaptititatem,
1110 1726 1245 1798 arripiens

455 1831 524 1886 dona
539 1830 570 1883 in
585 1828 748 1904 hominihus.
1034 1832 1038 1837 ·

490 1920 539 1976 99.
557 1921 593 1977 Ει
607 1911 730 1989 quoniam
745 1932 852 1973 currum
868 1915 940 1969 iilum
958 1912 1034 1969 dueie
1046 1912 1072 1966 in
1094 1911 1183 1976 huam,
1198 1925 1243 1967 se-

455 2014 544 2083 quitur
555 2021 582 2067 et
594 2011 659 2065 tiicit
672 2029 679 2065 ε
702 2008 917 2078 Prospcruotiter
929 2007 1008 2078 facio:
1019 2004 1092 2060 nohis
1107 2002 1177 2057 Deua
1197 2019 1241 2057 sa-

455 2105 581 2158 uitatuon²
592 2112 745 2165 nostrarum,
758 2100 827 2153 Deus
839 2108 934 2164 noster,
944 2096 1013 2151 Dm
1025 2096 1107 2155 caloae
1118 2094 1239 2164 faciendi.

455 2196 568 2251 hinnitum
577 2196 662 2265 qratia
673 2192 886 2249 eorumendatur.
899 2190 964 2258 Quis
976 2189 1048 2244 enirn
1059 2188 1148 2242 saluus
1159 2193 1240 2253 esset,

456 2287 507 2342 nisi
522 2287 578 2357 ipsa
592 2285 718 2341 satiaret?
732 2283 786 2340 Sed
798 2298 831 2337 ne
844 2290 998 2337 occurreret
1009 2278 1174 2349 cogitationi,
1186 2276 1243 2332 Cur

455 2394 519 2448 erqo
530 2377 668 2440 morimur,
682 2376 704 2431 si
717 2390 765 2445 per
780 2374 838 2440 cius
849 2371 961 2442 qratiam
972 2369 1044 2424 salui·
1057 2368 1118 2423 laeti
1131 2366 1247 2422 sitinus?

455 2470 580 2524 continno
595 2468 717 2537 subiecit,
731 2476 755 2520 at
775 2464 880 2519 Dersaioi
898 2463 980 2517 caitae
992 2460 1101 2515 morou
1116 2470 1241 2529 tanquam

455 2559 567 2625 dioclea
580 2557 654 2626 Quod·
673 2554 825 2626 indignaris·
839 2555 959 2608 humana·
968 2550 1091 2608 conditio
1101 2550 1201 2604 hahere
1215 2558 1243 2605 te

455 2653 559 2707 exitum·
568 2650 679 2705 rnortisi
694 2650 728 2705 ha
741 2646 896 2703 Dominitui
910 2646 1004 2701 exitus.
1012 2659 1065 2699 trun
1079 2643 1245 2712 aii-*quatu

455 2744 620 2799 ritondsluit.
638 2738 1061 2810 Potiuscrgo-consoiareqnam
1084 2734 1240 2805 indiguam

455 2845 555 2891 namet
565 2834 670 2890 Danrioi
681 2835 764 2887 eritas
775 2830 872 2885 mortio
888 2829 942 2899 Spe
954 2829 1031 2883 enim·
1039 2828 1105 2882 salvi
1120 2826 1181 2881 inuti
1194 2841 1242 2880 stt·
1274 2826 1283 2843 ⁸

456 2943 533 2982 irtus:
547 2926 570 2981 si
584 2921 759 2995 auturnquod
774 2937 826 2976 nnn
837 2920 958 2976 ridemus
973 2913 1183 2988 speramus,'per
1194 2931 1242 2987 pas

456 3018 574 3074 tientiant
586 3012 870 3085 exspectamusfflam.
885 3026 942 3075 rttt,
959 3009 1017 3081 id).
1030 3009 1165 3065 Patienten
1178 3022 1246 3078 erqo

454 3111 535 3166 ctiam
560 3108 651 3177 ipsam.
667 3112 785 3160 morteto:
805 3089 937 3169 laamas,
950 3100 1025 3155 illius
1041 3097 1165 3169 exemplo
1185 3097 1244 3167 qui,

455 3203 521 3257 ticet
535 3201 609 3255 nollo
624 3209 732 3268 peceato
746 3204 821 3251 esset
836 3193 942 3251 debitor
954 3191 1056 3256 mortis,
1069 3198 1101 3245 et·
1115 3188 1250 3244 Dominus

455 3301 527 3346 essct
548 3305 635 3361 aquo
650 3304 729 3346 nemo
748 3287 864 3341 animam
885 3284 1002 3349 tolleret,
1017 3281 1064 3339 sed
1086 3282 1143 3353 lpse
1155 3294 1245 3335 carue

456 3383 599 3451 seoretipso
614 3387 735 3450 pdoeret,
752 3378 837 3432 ctiam
846 3376 928 3446 ipsius
943 3374 992 3429 luit
1004 3374 1090 3429 exitus
1102 3371 1206 3426 mortis.

490 3473 534 3527 δι).
556 3471 635 3543 [acra.
650 3468 708 3542 ἢ]
732 3467 914 3522 intermontan-
924 3464 998 3520 Deae·
1011 3464 1186 3534 conquassabit
1199 3479 1244 3517 ra-

456 3563 681 3634 pitaioirnicorion
695 3575 820 3622 anantio-5.
830 3550 950 3612 verticem
964 3556 1057 3625 capilii
1066 3550 1243 3624 peramhitiau-

456 3657 518 3709 tiam
537 3653 563 3706 io
583 3651 746 3706 alateum
758 3665 771 3703 .·.
789 3648 815 3703 id
834 3658 876 3702 est
897 3647 979 3701 nimis
998 3659 1028 3700 se
1048 3644 1244 3711 extollentium,

456 3745 538 3802 nintis
548 3741 762 3813 superbientium
776 3740 802 3794 in
816 3738 926 3794 delictis·
940 3736 1013 3800 suis;
1029 3736 1061 3790 iu·
1078 3734 1180 3805 quihus
1188 3735 1243 3790 sal·

457 3847 516 3891 tntu.
533 3835 647 3890 humiles
666 3847 727 3887 esce
745 3831 885 3895 deberent,
899 3828 1028 3894 dieentes,
1042 3825 1160 3894 Dorrnrnq
1183 3842 1244 3898 pre·

456 3930 533 4000 pitius
552 3937 604 3982 cato
624 3926 692 3980 mihi·
707 3925 841 3995 poeniteri.
865 3920 924 3978 Sedi
939 3921 1130 3990 eonqnassahit·
1147 3935 1243 3976 cerum

456 4021 556 4091 capita:
570 4018 688 4091 qnorrioot
696 4015 886 4088 quiescentia,
894 4011 1067 4067 iraotiiiahitar
1082 4010 1157 4082 (hoc.
1166 4025 1243 4078 sitin

457 4111 625 4180 13,ququ
644 4124 692 4178 per
712 4107 763 4163 hoc
782 4106 905 4176 quamtis
924 4113 953 4160 et
975 4104 1080 4159 Domini
1099 4104 1134 4159 sit
1154 4103 1252 4159 exitus

458 4203 568 4268 intortis-3
595 4211 684 4256 tantan
698 4199 767 4254 idem
791 4197 930 4261 Dominus,
950 4196 1081 4266 quoniam
1097 4195 1176 4251 Deus·
1191 4204 1242 4261 est,

457 4306 485 4350 et
495 4295 639 4355 volnrrtate,
648 4308 701 4348 non
715 4291 882 4356 necessitate,
891 4288 1246 4344 seeundum-carnemmor'-

458 4397 521 4440 ttius
532 4396 583 4448 est,
594 4383 774 4455 conquarsoiis
786 4382 871 4452 capita
883 4381 1046 4435 tolmtcarom-
1054 4396 1176 4444 rumor:
1190 4393 1244 4434 non

458 4477 545 4532 solum
572 4490 663 4530 eorum
683 4473 734 4544 qni
747 4473 875 4528 crueilrno
895 4471 1037 4526 illudentes
1055 4479 1083 4526 et
1105 4479 1245 4526 monentes

458 4570 544 4638 capita
554 4566 686 4631 dicebant,
699 4564 736 4620 Si
745 4564 830 4619 Filiae
844 4562 893 4618 Dei
905 4573 952 4628 ert,
966 4561 1144 4617 aascmdataie
1154 4577 1246 4626 crucc,·

458 4655 732 4719 sed-etiamontuium
747 4652 929 4708 extollentium
949 4666 979 4706 sc
998 4651 1128 4706 aduersus
1146 4650 1253 4706 doctri-1

459 4767 520 4806 riam
534 4750 602 4821 ejus,
613 4756 645 4803 ct·
654 4756 778 4816 tanquam
793 4752 907 4799 mortem
928 4742 1052 4797 hominis.
1063 4741 1242 4825 irridentium.

458 4843 530 4898 idem
550 4843 647 4913 qnippe
671 4839 727 4908 ipse
746 4837 780 4892 de
795 4851 847 4907 quo
872 4835 979 4890 diettun·
993 4843 1044 4901 est,
1067 4833 1145 4888 Alior-
1162 4835 1245 4890 calcor

445 4938 527 5006 iacit,
548 4935 708 5004 rmtaipauot
733 4946 784 4984 ooo
809 4936 894 5000 pateat
909 4927 1007 4981 saluam
1031 4931 1115 4998 iaaac
1136 4926 1243 4998 (diullio.

460 5042 544 5090 xtttt,
555 5027 599 5091 tlt,
614 5023 672 5098 ti),
684 5023 752 5078 Deus
764 5031 809 5078 est·
817 5020 955 5075 sanitatum
971 5028 1128 5085 nostrornm,
1136 5027 1165 5074 et
1175 5018 1245 5073 Deua

460 5126 506 5171 est
520 5119 602 5173 minos
624 5116 754 5191 faciendi:
774 5112 823 5170 sed
844 5119 953 5184 prepter
972 5110 1128 5165 humilitatis
1148 5119 1179 5165 et
1196 5125 1245 5180 pa-

462 5208 560 5264 tiontiae
571 5209 769 5274 documentum,
783 5215 811 5262 et
823 5203 952 5275 sanquine
970 5218 1020 5257 suo
1038 5201 1180 5257 delendum
1194 5215 1245 5256 nu·

462 5309 578 5355 etruriam
588 5301 794 5373 chirographum
809 5306 988 5370 peecatorum,
1000 5294 1079 5353 attan
1091 5309 1247 5350 suurnesse

463 5392 546 5446 uoluit
564 5392 664 5446 exitum
682 5392 784 5455 intortis,
803 5406 837 5445 ne
856 5400 970 5444 mortem
984 5386 1138 5441 timeremus
1156 5386 1250 5451 istam,

462 5485 509 5540 sed
531 5485 601 5539 iiiam
622 5485 708 5552 potius
724 5484 801 5539 unde·
816 5497 865 5538 nos
885 5479 1010 5536 liberarit·
1027 5493 1074 5550 pet·
1087 5478 1175 5532 istam.
1191 5475 1246 5532 Ve-

464 5588 612 5633 rumtamen
623 5575 715 5630 illusus
733 5586 760 5631 et
773 5583 893 5629 mortuus
906 5571 1082 5645 conquassabit
1095 5571 1179 5642 capita
1195 5568 1248 5624 ini-

466 5672 585 5724 nummos
605 5683 717 5731 ratarum,
742 5666 776 5720 de
795 5665 891 5737 quihus
912 5668 964 5731 att,
994 5665 1128 5719 ilesurcita
1151 5679 1201 5722 mc,
1225 5671 1249 5716 ιι

465 5764 568 5819 reddam
585 5762 637 5816 iilic
660 5759 744 5831 (Prai.
763 5776 807 5822 xe,
825 5757 893 5828 iil:
915 5759 972 5812 sire
992 5757 1067 5811 hona·
1086 5772 1144 5827 pro·
1159 5754 1246 5820 malis,

465 5860 535 5917 dnm·
548 5860 598 5917 sihi
622 5858 715 5914 subdit·
732 5855 817 5927 capita
836 5852 1018 5917 credentium3
1038 5852 1094 5906 sire
1113 5850 1184 5922 justa
1198 5864 1247 5922 pro

498 6040 507 6072 t
524 6037 589 6094 md„
600 6032 800 6088 (immistum.
813 6031 886 6080 thest
896 6028 1064 6097 tieretlidfflff·
1185 6087 1190 6098 ,

456 6099 619 6215 &aaa
634 6108 697 6161 aas..
713 6095 855 6149 aurosam
866 6104 875 6144 .·
886 6090 1097 6155 attimacum
1110 6098 1119 6138 ε
1131 6085 1251 6152 prunae,

1088 697 1118 754 S.
1129 696 1313 756 sususvlttt
1331 699 1485 759 hescote

2034 707 2095 764 8:52

1294 812 1409 883 injustis,
1430 815 1493 870 dtun
1515 816 1589 886 punit
1610 817 1700 887 capite·
1717 818 1936 889 superhientioru.
1963 819 2094 891 hucque

1294 904 1368 960 enim
1389 906 1474 960 niodo·
1489 920 1702 978 critiquassuutur
1720 919 1751 966 ut
1771 912 1974 983 corticioguntnr
1994 914 2086 980 eapite

1292 996 1473 1064 internorum,
1486 1013 1579 1054 cuma·
1588 1001 1717 1069 superbla·
1731 1001 1900 1072 dejicimur,
1913 1002 1972 1059 sine
1991 1003 2085 1057 hunti-

1293 1088 1368 1143 iltate
1379 1090 1501 1152 eorrecti,
1523 1092 1579 1146 sinc
1594 1091 1625 1145 in·
1635 1093 1691 1146 ima·
1702 1092 1793 1147 tartari
1805 1093 1918 1162 ahrcpti·.

1330 1180 1374 1235 st.
1395 1179 1476 1254 [cerr.
1487 1182 1532 1245 Dii,
1544 1182 1601 1255 ih]
1622 1182 1692 1237 Diait
1705 1182 1853 1238 morione:
1869 1184 1909 1239 h'a
1919 1184 2006 1237 Bonan
2021 1200 2086 1238 con·

1294 1281 1394 1335 acram
1415 1272 1462 1327 ret
1481 1275 1649 1329 armanoth
1672 1274 1781 1329 codices
1797 1274 1907 1338 leherii,
1932 1274 1975 1329 ie'n
1996 1274 2086 1329 Busan

1295 1374 1446 1418 mrroertaoo
1468 1365 1514 1421 ille
1527 1368 1628 1437 quippe*
1644 1368 1779 1422 ominentia
1796 1378 1828 1421 ut·
1845 1369 1910 1423 satri
1933 1369 2031 1432 simus,
2053 1367 2092 1422 tle

1295 1470 1348 1525 quo
1366 1457 1557 1527 supradictum
1573 1468 1634 1513 est:
1651 1458 1721 1513 Dens
1741 1460 1880 1513 moitatana
1890 1468 2049 1522 norontem,
2061 1468 2089 1513 et

1298 1545 1367 1601 Deae
1375 1549 1457 1602 calcor
1468 1550 1588 1620 faciendi.
1604 1550 1635 1604 Ei
1648 1552 1745 1621 quippe
1757 1559 1785 1605 el
1796 1551 1857 1605 alibi
1875 1549 1993 1606 dicitur:
2016 1549 2088 1604 Deus

1294 1639 1423 1707 virtutum,
1445 1652 1558 1695 conuerte
1581 1660 1644 1708 uos,·
1667 1654 1696 1697 ct·
1716 1643 1820 1698 amende
1843 1645 1933 1717 (aomo
1954 1655 2038 1707 tuam,
2062 1655 2091 1698 ct

1295 1730 1362 1784 caiti·
1377 1732 1473 1785 aimar—
1491 1730 1576 1801 (isat.
1592 1749 1680 1797 turta,
1699 1734 1757 1798 illl.
1777 1735 1841 1789 item
1862 1735 1924 1789 alihi
1940 1753 1947 1789 ε
1964 1734 2088 1790 Coorota

1295 1835 1351 1886 crac,
1365 1819 1436 1876 Deae
1447 1822 1585 1876 sanitatum
1597 1834 1741 1877 arcanarum
1760 1823 1844 1893 (Pani.
1859 1841 1966 1890 uxrnrv,
1981 1824 2023 1896 5).
2042 1825 2089 1881 ille

1294 1921 1383 1968 autem
1398 1912 1463 1968 dinit
1478 1933 1490 1968 :·
1502 1914 1543 1969 h'a
1561 1913 1652 1969 Baton·
1663 1928 1817 1971 annuariam.
1842 1918 1926 1972 Busan
1953 1919 2086 1988 iuterpre·

1296 2014 1366 2059 talus
1377 2005 1514 2061 Coniusim
1528 2007 1599 2074 Quid·
1613 2019 1654 2063 est
1667 2019 1907 2079 ergo‚.eoneerhuu
1929 2026 1963 2065 ex
1986 2011 2083 2065 coniit-

1294 2094 1379 2157 sione,
1392 2095 1441 2149 nisi
1455 2096 1699 2166 quiaeeninnditur
1715 2098 1748 2154 dle
1765 2104 1881 2169 peccatis
1895 2101 1953 2154 suis
1966 2100 2014 2169 qui
2037 2116 2087 2171 pro

1295 2184 1333 2239 eis
1345 2184 1510 2241 dimittendis
1527 2198 1656 2257 precatur·
1665 2189 1873 2246 misericordiam
1887 2189 1955 2244 Dei-i
1970 2190 2035 2246 lude
2045 2199 2088 2246 est

1294 2274 1366 2344 qlod
1384 2275 1430 2331 ille
1444 2276 1604 2332 Puhlieanus
1622 2294 1672 2334 nee
1690 2280 1783 2335 oculus
1796 2279 1829 2335 ad
1850 2282 1950 2337 eoelum
1969 2281 2087 2338 artdehat

1294 2368 1401 2424 leuare:
1416 2370 1458 2424 ila·
1473 2384 1509 2425 sc·
1520 2372 1693 2427 considerans
1716 2372 1945 2436 mrrtuoacoarun
1968 2374 2025 2429 sed
2039 2374 2085 2429 de·

1294 2459 1400 2514 seeudit
1407 2460 1577 2530 instillemus,
1588 2462 1649 2534 quit
1662 2464 1726 2517 diaa't
1742 2463 1872 2533 Βοηιιιιιιε,
1882 2480 1915 2519 cx
1924 2463 2013 2519 Darou
2023 2482 2081 2520 coti·

1293 2560 1397 2606 uotum.
1416 2552 1502 2607 Busae
1515 2554 1705 2625 interpretatur
1717 2564 1746 2611 et
1761 2554 1889 2619 siccitas:
1904 2564 1939 2611 ct
1951 2567 2028 2612 reete
2047 2557 2083 2611 in-

1294 2643 1422 2715 telligitur
1435 2645 1561 2700 Dominus
1575 2661 1608 2700 ex
1622 2646 1742 2702 siccitate
1759 2657 1926 2712 conuertere,
1943 2648 1969 2703 id
1990 2658 2033 2704 est
2049 2665 2082 2705 et

1295 2733 1393 2805 inopia:
1406 2734 1472 2789 Νεῐε
1486 2736 1531 2806 qui
1543 2734 1597 2791 sihi
1607 2735 1729 2792 uidentur
1738 2738 1851 2807 copiosi,
1860 2753 1921 2793 cum
1935 2739 1993 2793 sint
2006 2740 2083 2795 iiiuc·

1294 2824 1350 2892 liei,
1361 2834 1392 2879 et
1401 2826 1483 2895 pleni,
1495 2828 1625 2882 eum'sinl’
1636 2828 1795 2895 inanissimi,
1813 2844 1865 2884 non
1880 2825 2081 2887 urnrcnuotur.

1295 2914 1369 2971 Beati
1382 2916 1512 2987 enimqui
1521 2918 1648 2973 esuriunt
1656 2929 1683 2973 et
1698 2918 1791 2974 sitiunt
1802 2919 1944 2990 justitiam,
1958 2922 2085 2990 quartiano

1294 3005 1350 3077 ipsi·
1367 3008 1562 3064 saturabuntur·
1579 3008 1684 3082 (Bottia.
1702 3027 1730 3079 r,
1754 3012 1793 3083 tt).
1819 3012 1858 3067 Ex
1883 3013 1934 3068 ista
1958 3014 2082 3070 Dominus

1295 3098 1415 3154 sieeitete
1426 3099 1572 3155 eonvertil:
1585 3099 1719 3157 demuma
1733 3103 1829 3173 quippe
1842 3104 1917 3160 sicea¹
1926 3105 1963 3160 illi
1976 3106 2080 3169 dicitur.

1295 3190 1405 3247 dolendi
1417 3210 1506 3249 unauna
1519 3210 1588 3249 orcas
1600 3196 1687 3260 ari·te;
1701 3198 1786 3249 anima
1796 3213 1851 3251 mco
1862 3199 1930 3252 oelttt
1949 3208 2017 3252 uara
2031 3201 2082 3256 εἰιιι

1295 3302 1367 3357 aquo
1381 3286 1424 3340 tihi
1436 3285 1521 3359 (eat
1535 3302 1620 3351 extra,
1634 3287 1672 3359 a).
1690 3288 1755 3344 iilud
1770 3305 1876 3360 quoque
1897 3306 1950 3347 non
1969 3293 2082 3349 allsurda

1295 3376 1460 3447 intelligitur,
1475 3377 1549 3448 quud*
1560 3377 1659 3433 lnahcnt
1679 3378 1725 3434 alii
1738 3380 1855 3443 cedices,
1871 3381 1912 3436 h'a
1927 3381 2080 3439 Dmorrcoo-

1295 3478 1386 3522 aaran
1401 3468 1571 3525 conuertitur
1587 3471 1659 3525 enim
1671 3471 1704 3526 ad
1719 3487 1768 3527 nos
1779 3474 1859 3527 etiam
1878 3453 1936 3544 ipse
1950 3478 1996 3546 qni
2011 3478 2079 3541 dicit,

1295 3556 1519 3615 Cotmenioriniad
1538 3577 1588 3627 otc,
1601 3570 1685 3633 et'cqa
1702 3572 1832 3617 canuntur
1849 3565 1883 3618 ad
1897 3581 1941 3620 cos
1963 3566 2052 3637 (Zereia.
2064 3585 2080 3633 t,

1295 3650 1342 3722 5);
1357 3660 1386 3706 et
1396 3668 1459 3719 nou,
1474 3653 1513 3708 si²¹
1526 3664 1600 3708 extra
1613 3654 1806 3720 conclusionem,
1815 3673 1874 3712 eunt
1887 3670 2027 3728 peecatum
2039 3678 2080 3714 εο-

1295 3751 1459 3798 stromante
1480 3759 1529 3800 uns
1549 3756 1591 3800 est
1613 3761 1719 3816 semper
1739 3746 1822 3820 (Psai.
1846 3766 1870 3815 n,
1894 3751 1940 3822 5);
1962 3761 1996 3807 et·
2012 3763 2080 3809 entra

1295 3834 1451 3901 mentulam,
1465 3853 1521 3908 qua
1538 3839 1602 3908 ejus·
1610 3838 1793 3895 desideramus
1814 3841 1939 3907 iutliretn,
1960 3847 2006 3915 qui
2027 3847 2080 3916 ptiu-

1296 3926 1367 3981 tt'am'
1385 3927 1561 3982 uoluntariam
1584 3930 1738 4002 segregavit⁴
1754 3930 1901 3988 haereditati
1928 3951 1996 3991 suae.
2020 3936 2080 3991 ham

1296 4017 1414 4073 siccitate
1432 4019 1569 4074 iniirmata·
1582 4029 1640 4086 (εις
1662 4020 1801 4091 ipserum
1819 4039 1965 4080 corrnersns
1978 4029 2081 4098 perimit

1295 4125 1364 4176 eam,
1374 4110 1533 4177 cnidicitur,
1543 4112 1720 4169 El‘caouersua
1731 4116 1860 4185 uiuificasti
1871 4135 1911 4171 oie
1923 4118 2010 4192 (Paul.
2022 4138 2081 4192 ixx,

1295 4199 1353 4272 20).
1369 4200 1442 4255 Diat't
1453 4216 1517 4273 erqo
1531 4201 1678 4259 Doudoua:
1692 4203 1735 4259 Εε
1751 4205 1837 4262 Danao
1855 4220 2012 4279 concertata,
2024 4230 2080 4267 eoo·

1295 4301 1390 4346 ivetam
1407 4293 1436 4346 irc
1455 4294 1611 4365 propinandum
1633 4295 1720 4350 nimis.
1742 4295 1770 4353 si
1790 4309 1942 4367 cornutam,
1956 4320 2039 4373 qrrare
2057 4307 2082 4359 in

1296 4384 1452 4456 prolatitium
1465 4387 1569 4440 morici·
1586 4386 1613 4441 in
1635 4388 1751 4457 seipsum
1766 4390 1863 4460 quippe
1883 4398 2020 4451 convertit
2034 4398 2080 4452 Do·

1297 4475 1393 4556 minus,
1402 4491 1461 4531 eum
1469 4478 1609 4533 salubriter
1621 4481 1762 4546 conuertit,
1770 4490 1797 4537 ct
1806 4498 1858 4537 nou
1872 4495 1914 4539 est
1925 4487 2019 4558 utiquc
2031 4490 2081 4561 ipse

1297 4567 1455 4636 protutiuum
1478 4569 1630 4625 minnistin
1655 4570 1720 4627 ialiit
1741 4571 1809 4628 iorte
1833 4575 1915 4630 latina
1937 4578 2082 4646 lucutio,et

1297 4674 1346 4730 pro
1368 4675 1401 4715 eo
1425 4660 1540 4731 positum
1564 4672 1615 4729 cst,
1636 4663 1664 4717 in
1685 4665 1850 4735 profundam,
1863 4668 1941 4738 quod'
1956 4682 2010 4739 cst,
2025 4689 2081 4753 qro-

1297 4751 1397 4807 lundei
1420 4752 1478 4807 Non
1493 4754 1563 4809 enim
1576 4754 1621 4810 iiie
1635 4771 1664 4811 se
1675 4759 1821 4825 consertit3
1844 4761 1891 4815 sed
1907 4762 1942 4817 ihi
1955 4767 2083 4821 convertit

1296 4845 1408 4916 eosqui
1432 4846 1459 4899 in
1482 4845 1613 4916 prolundo
1635 4847 1712 4918 liujus
1740 4851 1830 4906 sarculi
1851 4853 1941 4923 jacent
1966 4856 2078 4913 demersi

1297 4936 1414 5007 pondere
1436 4947 1618 5008 peecatorum,
1642 4940 1686 4994 uhi
1708 4944 1914 5004 corrnersusille
1931 4947 2021 5003 dicit:
2044 4948 2079 5004 De

1298 5027 1431 5099 profundis
1445 5029 1552 5082 clamavi
1563 5029 1598 5082 ad
1614 5038 1647 5097 tc,
1660 5028 1768 5086 Domine
1788 5032 1873 5104 (Pani.
1895 5051 1993 5104 cxxix,
2008 5039 2082 5109 test

1298 5130 1386 5176 autent
1402 5130 1519 5187 nonest,
1535 5132 1687 5187 consutam,
1707 5123 1765 5188 sed,
1778 5137 1910 5181 caneertur
1928 5130 1956 5185 iu
1976 5135 2081 5203 prosun-

1298 5210 1359 5264 duot
1381 5211 1468 5278 ouria,
1482 5211 1533 5267 hoc
1558 5213 1713 5285 intelligitur
1740 5215 1840 5272 dixisse
1868 5217 2014 5276 Dominum
2038 5237 2082 5276 na·

1299 5317 1394 5371 strum,
1404 5304 1534 5377 quod'sua
1547 5305 1727 5361 misericordia
1742 5319 1942 5365 cenverteretur
1961 5313 2042 5369 eham
2058 5313 2085 5369 in

1299 5397 1458 5471 profundum
1482 5398 1581 5464 ruens,
1601 5397 1634 5452 ad
1661 5413 1709 5454 ces
1734 5415 1840 5471 qnoque
1867 5400 2027 5461 liberandos
2042 5404 2083 5476 qai

1300 5501 1390 5547 essent
1409 5492 1488 5546 etiem
1513 5490 1718 5561 desperatissimi
1742 5503 1907 5564 peccatores.
1928 5498 2085 5571 Quanquam

1300 5583 1327 5639 in
1340 5583 1427 5652 aliquo
1446 5597 1533 5653 graeco
1553 5583 1710 5651 invenerim,
1725 5600 1789 5652 non,
1804 5586 1831 5641 irc
1846 5589 2086 5660 masnadamsed,

1300 5674 1327 5727 in
1341 5672 1544 5744 motasacdiqhuc
1555 5681 1606 5741 est,
1620 5679 1644 5728 lt
1655 5683 1752 5744 petits,
1768 5676 1839 5746 quod
1852 5680 1969 5747 prinmm
1979 5697 2086 5739 sertsunt

1301 5764 1450 5831 enrrhrmat,
1465 5764 1535 5836 quod
1554 5765 1635 5819 etiam
1659 5765 1696 5820 ihi
1715 5765 1791 5821 Deus
1812 5764 1951 5824 corirertat
1964 5772 2000 5828 ad
2014 5787 2044 5828 se
2056 5774 2090 5829 da

1301 5854 1439 5926 profundis
1451 5854 1605 5911 clamantes.
1625 5854 1677 5921 Qui
1698 5863 1726 5911 et
1748 5856 1954 5929 siiotelliqatur
1975 5862 2013 5918 ihi
2034 5863 2091 5932 ipsc

1302 5947 1421 6005 conserti
1443 5945 1478 6003 ad
1501 5947 1653 6004 liberandos
1674 5948 1754 6004 ctiam
1770 5949 1845 6018 tales,
1861 5965 1974 6010 nonest
1998 5957 2090 6013 tircon-

1302 6081 1727 6196 mtusszputloreshsstllimrcut
1746 6081 2086 6145 atnewida-istut
