5025 6925
437 679 491 758 sti

437 813 497 858 tuto
509 812 591 870 qoam
609 798 725 854 tenebat.
747 798 829 867 Egerit
851 804 878 850 et
897 809 974 864 pane.
997 793 1084 857 Quare
1104 797 1184 859 egent
1203 796 1232 841 ot

440 891 529 963 μεῖ
542 887 571 946 si
586 906 639 945 nrru
655 890 780 962 intelligis
794 903 904 959 quinceu,
920 886 962 941 ille
981 884 1067 939 dixit¹
1083 902 1090 938 ι
1107 881 1161 953 ilqo
1175 896 1232 934 snm

440 981 511 1054 μή
522 982 608 1048 sisu,
621 981 665 1050 qni
679 980 711 1036 de
728 981 790 1035 celo
808 977 924 1033 texendi
942 976 1033 1045 (loun.
1050 990 1093 1040 ur,
1106 974 1171 1042 it);
1185 980 1230 1025 et:

440 1069 512 1130 Η
521 1072 567 1146 qni
580 1075 701 1133 uniunt,
715 1083 738 1128 et
750 1073 837 1127 sitirent
845 1070 983 1144 justitient,
997 1068 1115 1137 qsonlonr
1127 1066 1177 1135 ipsi
1190 1080 1232 1119 su·

439 1163 752 1235 metirentur,
767 1163 804 1229 6).
821 1159 980 1232 inquirentes
998 1169 1081 1213 enitent
1096 1155 1233 1211 nomnen

439 1271 489 1312 sur
501 1254 726 1311 demisionem
738 1255 812 1308 leno.
826 1252 879 1309 Sed
892 1267 944 1323 qino
957 1249 1091 1320 luntrium
1103 1241 1230 1303 diximus.

465 1349 519 1408 'ts
544 1355 621 1424 [seru
635 1346 691 1421 ιλ]
712 1347 811 1413 Venite,
826 1347 884 1418 fiili,
898 1345 984 1399 cudite
993 1360 1040 1408 me,
1054 1344 1167 1397 timorosa
1177 1338 1232 1394 tto·

438 1441 501 1498 sint
514 1439 610 1498 teon
621 1438 674 1496 sos.
689 1439 792 1495 Putatis
801 1440 824 1505 ¹,
839 1438 944 1505 iratres,
956 1436 1016 1508 quis
1028 1451 1077 1507 equ
1089 1435 1150 1489 dico
1161 1448 1169 1489 r
1182 1448 1232 1504 pu·

439 1542 494 1591 ute
506 1534 571 1605 quia
584 1532 665 1588 liesid
675 1532 749 1597 dicit,
760 1537 851 1602 putate
861 1529 923 1600 quia'
934 1528 1076 1601 Apostolus
1086 1526 1149 1581 dicit
1160 1543 1166 1579 ε
1180 1527 1233 1579 imo

439 1633 533 1696 putate
545 1624 608 1695 quie
621 1624 678 1694 ipse
689 1624 817 1678 Dominus
829 1631 919 1676 noster
929 1620 1007 1675 iesus
1018 1619 1139 1672 Cirristus
1151 1616 1231 1671 dicit:

445 1713 543 1779 Venite,
557 1714 617 1785 otti,
631 1714 716 1768 cedite
726 1730 775 1769 nte.
788 1712 933 1767 Audiamus
948 1711 1021 1765 illum
1036 1709 1130 1768 siuml,
1144 1709 1233 1762 auditu

441 1806 514 1863 illurn
528 1821 576 1876 per
587 1822 652 1861 nos:
667 1806 763 1861 dicere
776 1805 846 1860 eninr
857 1805 912 1858 ruit
926 1803 969 1858 ilie
980 1801 1097 1864 lrurnilis,
1110 1799 1154 1854 illc
1166 1810 1232 1870 tym-

442 1898 579 1969 psnitaus,
589 1897 631 1951 ilie
641 1897 778 1962 affectam,
790 1896 887 1950 docere
898 1909 947 1949 uos
957 1894 1021 1947 ruli.
1035 1892 1067 1946 Et
1076 1890 1138 1962 quid
1149 1890 1234 1944 dicit?

447 1991 551 2060 Vertite,
565 1993 629 2063 iiiii,
649 1993 734 2045 cedite
754 2009 808 2059 nne,
830 1992 942 2044 timorem
956 1989 1060 2042 Domini
1073 1986 1165 2041 docebo
1181 2001 1233 2040 irus.

444 2086 541 2141 lieeent
550 2100 625 2156 erqo,
637 2083 804 2155 praebeamus
815 2097 917 2145 arerem,
933 2082 1097 2152 prebeamus
1108 2095 1165 2135 eor.
1177 2077 1234 2132 Non

445 2175 594 2248 speriunrus
604 2190 684 2229 aures
696 2174 794 2238 carrus,
808 2184 835 2228 et
845 2172 933 2227 cordis
942 2172 1113 2234 elaudnnus3
1127 2168 1174 2225 sed
1185 2168 1235 2223 sic·

445 2263 542 2339 uiipee
552 2267 622 2323 dixit
635 2268 661 2321 in
677 2267 834 2336 Evangelio,
850 2265 900 2333 Ωιι·
920 2264 993 2318 liniret
1011 2280 1085 2318 nares
1103 2262 1233 2324 audiendi,

446 2363 530 2416 reditu
541 2359 598 2436 (it.
610 2376 648 2425 xi,
660 2361 716 2431 i's').
730 2360 794 2429 Quis
807 2358 893 2414 nolit⁸
905 2358 998 2414 audire
1009 2358 1147 2415 docentem
1159 2356 1236 2410 Cirri-

447 2462 513 2509 stsrrr
529 2467 581 2521 per
595 2450 777 2519 l‘roplreturni

477 2549 522 2604 i'i.
536 2545 614 2620 [serr.
629 2541 686 2620 ie]
703 2546 766 2610 Quis
780 2554 816 2600 ert
834 2545 909 2598 iconio
922 2544 965 2614 qni
978 2543 1031 2598 enit
1042 2543 1127 2608 sitem,
1141 2550 1165 2597 et
1178 2537 1236 2597 iiiii·

449 2639 542 2708 qiilies
554 2638 639 2694 sidere
652 2638 750 2693 tonos?
766 2637 923 2708 interrogat.
938 2636 1031 2692 Nonne
1045 2636 1132 2691 omnis
1147 2635 1172 2690 iu
1189 2649 1236 2689 ro-

450 2728 484 2786 iis
495 2717 653 2801 resporndei,
666 2726 739 2801 Equi
752 2731 792 2783 tin
803 2729 942 2799 quisquam
952 2737 993 2783 est
1005 2727 1032 2782 in
1043 2715 1119 2782 'vobis
1129 2726 1173 2796 qni
1184 2741 1236 2780 non

449 2820 527 2894 tiiqtt
538 2821 630 2888 ritem,
645 2821 733 2886 idest,
748 2821 792 2891 qui
806 2836 858 2875 uon
871 2820 926 2875 ruli
940 2821 1031 2887 ritem,
1045 2828 1072 2874 et
1085 2833 1137 2874 uon
1151 2818 1236 2887 diligit

445 2912 501 2970 dies
515 2912 606 2970 ridere
620 2913 724 2969 bonos?
742 2912 834 2967 Nonne
849 2913 964 2984 quotidie
985 2910 1034 2964 lruc
1053 2911 1234 2973 rmumuratis,

446 3003 630 3061 eiltocdicitis
642 3021 649 3058 ε
661 3003 793 3071 Quamdiu
806 3004 854 3057 isin
868 3002 999 3071 palinuri?
1012 3001 1134 3069 Quotidie
1148 3000 1235 3069 pejora

441 3104 473 3151 et
485 3096 575 3167 pejora
590 3094 681 3165 :apud
697 3103 820 3165 parentes
834 3101 940 3147 nostros
962 3091 1066 3147 inerunt
1082 3092 1139 3144 dies
1153 3091 1236 3144 letio

442 3199 503 3254 res,
526 3185 635 3243 ltremnt
653 3184 713 3242 dies
734 3185 867 3240 meliores.
885 3182 907 3239 0
925 3183 947 3237 si
967 3183 1145 3251 interrogares
1166 3182 1237 3252 ipsos

445 3291 574 3349 parentes
594 3288 670 3341 tuos,
691 3276 814 3331 similiter
835 3275 881 3330 tilii
896 3273 929 3328 de
941 3272 1035 3328 diebus
1048 3272 1104 3327 suis
1118 3284 1237 3325 murmu-

441 3381 545 3428 urent.
559 3368 675 3427 Fneruut
684 3368 753 3425 beati
765 3374 852 3439 patres
863 3365 956 3433 nostri,
970 3381 1019 3419 nos
1031 3364 1121 3419 miseri
1131 3378 1233 3427 surmus,

440 3462 531 3519 nim
543 3463 601 3519 dies
616 3462 745 3519 habemns
759 3477 766 3513 ε
781 3458 933 3525 dominatus
947 3467 988 3513 εει
1003 3455 1065 3523 ille,
1082 3454 1239 3527 putabamus

441 3552 508 3624 qen
522 3552 571 3610 tito
584 3561 690 3608 monuo
703 3560 794 3622 posset
804 3547 911 3620 aliquod
925 3547 1089 3618 refrigerium
1103 3545 1178 3612 duri;
1192 3545 1239 3601 de·

445 3646 544 3703 teriora
557 3655 697 3702 reumont.
711 3644 734 3700 0
746 3644 834 3708 Deus,
848 3640 959 3697 ostende
972 3640 1050 3695 uobis
1062 3639 1119 3694 dies
1138 3639 1237 3695 borres!

448 3737 558 3805 unsar
569 3736 654 3801 tono,
667 3736 711 3806 qui
722 3735 775 3790 suit
788 3734 875 3796 eiiam,
890 3745 912 3786 et
926 3732 1008 3803 diiiqit
1026 3730 1110 3785 uidem
1127 3730 1179 3785 dies
1193 3728 1240 3783 io-

448 3827 513 3884 sut
523 3826 582 3884 lion
596 3826 639 3882 liic
653 3836 754 3897 quaerre
765 3824 823 3880 dies
835 3824 929 3878 botros.
943 3822 1042 3876 Βοιιιιιι
1061 3836 1117 3876 ιειιι
1134 3819 1237 3890 querit,

449 3918 493 3977 set
506 3935 561 3976 uon
576 3919 603 3976 in
618 3918 726 3990 regione
738 3917 796 3988 ejus
809 3917 880 3970 illuns
893 3914 997 3985 (querit.
1010 3911 1149 3981 Quomodo
1160 3912 1183 3967 si
1193 3911 1241 3965 aii·

450 4029 526 4084 ιιιιω
533 4012 637 4085 justum
648 4025 783 4082 qrraereres
793 4009 819 4062 in
830 4023 861 4063 ea
872 4007 966 4077 putria,
980 4007 1023 4060 uiri
1035 4021 1087 4060 nou
1099 4004 1238 4068 habitaret,

451 4104 583 4161 dimini
595 4102 642 4158 tibi
657 4117 666 4158 ι
680 4101 782 4156 Bonum
795 4099 880 4154 riruru
893 4098 1000 4168 queris,
1015 4110 1138 4166 inagnum
1153 4097 1240 4149 uirum

453 4198 558 4269 queris
572 4211 663 4268 quaere
676 4194 761 4260 iilum,
777 4191 824 4247 sed
837 4190 892 4245 noli
906 4189 959 4256 irie,
973 4186 1107 4256 superiiuo
1122 4184 1165 4240 irie
1179 4199 1240 4240 eum

453 4289 558 4361 ostile,
572 4299 779 4359 nuuqrremleum
791 4284 946 4339 inventurus
956 4294 996 4334 εε.
1010 4278 1071 4332 liies
1082 4277 1166 4332 bonoi
1175 4290 1242 4345 ιιιιιεο

454 4382 504 4451 ris,
517 4381 600 4439 siurul
613 4391 841 4449 suspiraremus,
857 4374 939 4428 nolite
954 4373 1005 4426 iiic.
1026 4368 1078 4425 Sed
1094 4369 1244 4422 imbuerunt

456 4474 511 4530 illus
523 4485 615 4547 putres
634 4471 729 4526 nostri.
745 4466 877 4524 Fallimiui
899 4482 906 4518 ε
926 4477 1020 4518 οιιιιιεε
1041 4460 1085 4514 hic
1105 4452 1243 4521 laliorsre·

458 4576 523 4622 ruet.
545 4563 637 4636 Legite
658 4563 810 4632 Scripturas
824 4577 831 4614 :
844 4558 904 4614 ideo
916 4555 1001 4610 uoluit
1013 4554 1084 4609 Deus
1098 4561 1128 4606 ut
1141 4550 1244 4605 scribe-

459 4670 560 4726 rentur,
575 4668 606 4715 ui
627 4672 677 4713 nos
695 4653 905 4712 consolaremur.
923 4646 1101 4718 'lemporilrus
1118 4644 1182 4699 ulie
1197 4642 1246 4698 iuit

461 4752 548 4821 iones,
562 4751 633 4823 pessi
646 4759 708 4805 sunt
721 4762 780 4804 enm
794 4755 883 4817 putres
896 4739 991 4797 nostri.
1004 4739 1096 4809 sapite
1110 4737 1245 4808 jumento·

463 4862 515 4903 ιιι
529 4854 695 4901 snortuorurn
708 4856 775 4896 auro
787 4835 973 4896 tendebantur
982 4871 993 4900 ,
1002 4831 1156 4888 occiderunt
1171 4842 1244 4893 suos,

463 4949 486 4994 ei
495 4934 667 4995 munierunt
679 4946 726 4988 eos
741 4948 748 4984 :
763 4939 791 4986 et
802 4928 862 4984 due
874 4924 1000 4982 mulieres
1013 4926 1162 4981 statuerunt
1176 4918 1247 4972 inter

403 5076 404 5081 ,
464 5004 489 5087 te
500 5040 528 5086 ut
538 5027 694 5084 occiderent
707 5023 777 5078 iiiios
796 5034 875 5084 suos,
891 5027 918 5072 et
930 5013 1137 5073 manducarent:
1150 5009 1248 5064 oceidit

465 5136 507 5176 m
523 5120 606 5176 ilium
621 5131 711 5180 strum,
726 5123 753 5169 et
764 5096 990 5167 merrdircurerunt
1005 5119 1064 5158 eum
1080 5102 1182 5164 amboe3
1195 5098 1246 5153 alia

466 5210 564 5269 metus
582 5207 705 5265 occidere
724 5205 806 5260 tilium
829 5215 921 5265 soum,
937 5206 965 5253 et
982 5192 1106 5265 erigebat
1127 5192 1168 5245 iiia
1188 5206 1247 5258 qtitli

467 5302 530 5363 orior
542 5301 675 5358 occideret
694 5298 777 5359 llliurn
796 5308 890 5356 ειιιιιιι;
906 5299 933 5345 ει
948 5287 1008 5342 talis
1028 5286 1083 5338 rixa
1104 5280 1175 5335 verrit
1187 5290 1249 5333 arete

468 5382 563 5465 apen,
577 5391 745 5447 eddrrxerunt
766 5401 795 5442 se
814 5394 875 5439 ente
889 5396 995 5452 regem,
1008 5374 1201 5433 contendentes
1214 5371 1248 5426 de

468 5482 642 5539 ιιιειιιειὶοιιε
656 5480 771 5534 liliorum
784 5473 830 5546 iii
845 5474 908 5543 iieq.
921 5487 957 5535 ιι,
971 5464 1087 5537 iti-50).
1103 5465 1139 5518 ite
1153 5463 1248 5518 iniibus

467 5574 527 5639 cibis
537 5583 640 5630 avertet
655 5573 724 5629 lteus
737 5585 768 5626 ea
783 5584 841 5640 quse
857 5566 976 5636 legiruus.
990 5560 1101 5629 Scurper
1113 5555 1170 5611 dies
1185 5553 1249 5608 muli

468 5666 492 5737 in
501 5669 613 5730 nenio,
629 5664 678 5723 sed
695 5676 801 5732 semper
815 5657 872 5714 dies
885 5656 947 5710 loni
961 5654 987 5709 in
1002 5653 1066 5706 lieo.
1083 5649 1178 5704 Habuit
1192 5646 1261 5701 diesx

468 5757 545 5823 bonos
558 5755 702 5820 ioniam,
716 5751 763 5808 sed
777 5752 847 5804 intus
862 5748 887 5802 iu
899 5743 999 5800 corde:
1014 5737 1176 5796 insonti-utos
1191 5751 1249 5789 nra·

467 5849 521 5920 tus,
536 5850 643 5924 quando
656 5863 672 5903 e
687 5847 757 5902 larue
777 5841 887 5898 muteris
901 5838 1052 5908 regionem,
1065 5841 1093 5889 et
1112 5830 1250 5902 qurerciret

494 5989 504 6021 ¹
519 5993 583 6046 ιι,
594 5980 619 6036 Si
629 5979 748 6043 itttdiqus
758 5988 852 6043 purtem
871 5971 913 6025 iiie
923 5968 987 6022 enim
997 5965 1071 6028 discit,
1083 5970 1131 6015 etc.

494 6050 693 6112 ’ΝΜ
707 6045 875 6103 ”Sitifim
1068 6092 1075 6104 ,

488 6107 587 6176 Ἧι,
598 6113 658 6175 ouis
669 6107 734 6163 nouit
747 6104 835 6174 redire
859 6103 891 6154 it
900 6100 1052 6171 paulopost,
1065 6097 1198 6156 rntenoqo.
1211 6089 1244 6146 ιι

467 6177 524 6233 flit-
537 6177 601 6243 iter.
611 6176 700 6237 tante,
714 6180 772 6233 cto,
787 6171 845 6231 Quis
856 6156 1055 6218 sentimenti...
1067 6157 1211 6218 interrupte.

965 672 1165 734 exinanito
1181 670 1215 729 iit
1234 669 1394 729 rettudit
1413 667 1532 738 xxiiii.
1631 718 1634 723 ,

2015 673 2069 730 tit

1283 784 1371 844 cilium
1386 784 1460 858 (Gen.
1470 801 1518 851 su,
1529 785 1681 853 itt,erxrrr,
1691 785 1728 858 i).
1741 783 1786 843 Sic
1795 788 2067 858 omaesquesiernut.

1284 880 1380 936 Paulus
1395 880 1484 944 lrabrrit
1497 882 1554 935 dies
1568 880 1668 945 bonos,
1682 881 1726 950 utri
1739 880 1803 935 dicit
1821 898 1829 935 s
1847 880 1881 935 in
1898 883 1965 952 [anre
1978 893 2002 936 et
2016 884 2069 947 siti,

1284 973 1311 1027 in
1333 974 1427 1045 iriqore
1445 981 1467 1027 et
1482 973 1594 1030 nudituie
1613 971 1649 1045 (ll
1664 971 1723 1027 Cor.
1737 989 1780 1039 xi,
1794 972 1859 1043 iii?
1880 972 1932 1029 Sed
1948 989 2000 1030 ιιοιι
2016 975 2069 1029 ira-

1283 1074 1392 1121 scantur
1404 1065 1473 1120 servi
1486 1081 1492 1118 :
1507 1065 1563 1135 ipse
1575 1066 1701 1121 uncinus
1715 1083 1765 1126 riou
1778 1066 1867 1120 innituit
1876 1064 1934 1122 dies
1946 1066 2030 1122 bonos
2044 1069 2069 1121 in

1283 1154 1335 1211 ltoc
1346 1155 1461 1221 necuim
1475 1157 1667 1225 eontmucliss,
1681 1157 1807 1227 inirnias,
1818 1172 1943 1224 crucem,
1956 1170 1983 1215 et
1998 1166 2070 1214 terrm

1283 1248 1353 1304 tnala
1371 1249 1528 1319 petiebatur.

1319 1342 1354 1398 iti
1379 1340 1455 1416 [tere.
1467 1341 1523 1416 li.]
1543 1342 1602 1399 Non
1615 1359 1680 1415 erpo
1690 1344 1852 1400 sinistimus
1863 1355 2020 1411 murmuret,
2032 1346 2056 1401 ri

1284 1432 1346 1489 dent
1357 1434 1436 1505 cujus
1448 1435 1556 1506 rest'min
1571 1446 1707 1505 sequatur.
1724 1436 1776 1491 Sed
1791 1438 1813 1491 si
1826 1425 1884 1492 iiie
1895 1438 1979 1493 boetis
1988 1449 2069 1507 amsi,

1284 1525 1374 1581 rudini
1388 1527 1526 1582 docentem
1537 1539 1563 1583 et
1572 1529 1705 1584 dicentem
1718 1547 1726 1585 ε
1742 1528 1837 1595 Vertite,
1851 1531 1909 1599 filii,
1923 1533 2009 1587 uertite
2021 1550 2070 1596 rste,

1286 1619 1399 1672 tirnoiem
1416 1617 1519 1673 Deretini
1538 1619 1629 1674 docebo
1649 1637 1701 1675 nos.
1717 1618 1857 1689 Quidvis?
1874 1624 1957 1678 litum
1973 1634 2001 1681 ei
2015 1624 2072 1679 dies

1285 1710 1380 1765 nonos.
1395 1712 1480 1776 Annii,
1496 1720 1524 1766 et
1544 1713 1584 1767 iae
1599 1731 1605 1766 :
1619 1711 1724 1767 Contine
1741 1716 1853 1784 linquam
1872 1726 1940 1768 iaetu
1960 1733 1975 1769 o
1994 1717 2070 1770 meio.

1285 1801 1338 1856 Fae
1353 1803 1425 1856 illuri.
1442 1803 1519 1869 Nolo,
1534 1803 1599 1858 dicit
1612 1804 1691 1859 inrrrno
1705 1805 1785 1859 niiser
1799 1824 1806 1859 :
1819 1815 1846 1861 et
1857 1807 1971 1877 iingrum
1986 1822 2071 1861 tineam
2175 1808 2180 1820 “

1286 1897 1348 1952 sntio
1360 1897 1498 1952 contiuere
1511 1913 1525 1950 a
1538 1898 1623 1963 ritulo,
1640 1908 1667 1951 et
1681 1899 1760 1952 riiam
1775 1901 1849 1963 rulo,
1863 1910 1889 1954 ει
1907 1900 1963 1955 dies
1978 1900 2071 1974 bonnis.

1285 1990 1313 2045 Si
1324 1992 1461 2061 operarius
1475 1999 1535 2045 tuus
1547 1990 1594 2045 tibi
1606 1990 1705 2045 diceret
1716 2009 1723 2043 :
1736 1991 1769 2046 Et
1782 2001 1857 2045 uasto
1868 1993 1945 2046 istum
1956 1993 2071 2059 vitream,

1286 2093 1315 2139 et
1327 2085 1403 2155 exigo
1416 2099 1430 2137 a
1444 2093 1471 2139 ιε
1485 2084 1633 2140 mercedem
1649 2103 1656 2139 :
1671 2084 1805 2139 adduxisti
1820 2101 1862 2139 mc
1878 2085 1910 2140 nd
1927 2086 2029 2142 niueam
2045 2098 2075 2141 nt

1287 2174 1401 2232 falcitem
1415 2175 1486 2230 illam
1501 2184 1529 2232 ει
1543 2185 1648 2244 liutem,
1664 2176 1776 2232 concido
1794 2176 1881 2229 omnia
1904 2176 1972 2246 liqna
1988 2178 2072 2241 utilio,

1287 2263 1429 2337 piacidum
1442 2265 1498 2336 ipse
1512 2266 1607 2321 ruitura
1618 2267 1720 2333 vitium,
1733 2275 1761 2321 ut
1776 2282 1828 2321 nou
1841 2265 1884 2321 irie
1894 2266 1991 2321 liabens
2002 2267 2073 2337 qrrtsd

1287 2358 1406 2428 colligas,
1420 2367 1519 2414 etcum
1532 2356 1620 2413 iecere
1633 2358 1699 2424 ists,
1714 2359 1865 2415 redditurus
1879 2374 1909 2414 es
1923 2359 1985 2413 milri
2001 2359 2074 2413 laim·

1287 2464 1343 2503 rem
1357 2465 1456 2505 meum.
1474 2449 1567 2505 Nonne
1585 2451 1705 2505 insanum
1721 2451 1793 2506 illum
1807 2451 1926 2507 diceres?
1941 2467 2029 2507 riunire
2042 2452 2073 2506 il-

1288 2540 1342 2595 lum
1355 2540 1480 2596 dedomo
1494 2552 1536 2596 ins
1552 2544 1712 2612 reponeres,
1729 2552 1870 2615 autequam
1886 2544 2002 2599 mitteret
2016 2519 2074 2599 nra-

1288 2649 1350 2688 rnrm
1369 2633 1402 2688 ad
1419 2634 1533 2691 iaieemi
1551 2630 1629 2691 'isles
1643 2647 1704 2692 sunt
1718 2635 1854 2701 homiues,
1875 2638 1919 2708 qni
1941 2646 1969 2692 ct
1988 2637 2074 2694 iacere

1288 2725 1479 2790 colummis,
1495 2737 1521 2781 et
1535 2726 1625 2796 jurare
1646 2725 1831 2794 mendacium,
1845 2738 1872 2783 ει
1890 2727 2075 2799 blasphemare

1288 2824 1379 2870 connire
1394 2815 1491 2880 [ιειιιιι.
1515 2827 1542 2872 ει
1562 2833 1742 2884 nrnrrmurare,
1757 2828 1785 2874 st
1798 2817 1916 2873 iraudern
1931 2818 2034 2886 iacere,
2048 2830 2076 2874 et

1288 2907 1423 2973 inebriari,
1437 2918 1464 2963 et
1478 2910 1595 2980 litigare,
1610 2920 1636 2967 ct
1649 2911 1809 2975 adulterari,
1823 2922 1850 2967 et
1862 2913 1985 2982 ligaturas
1997 2914 2074 2967 adiri·

1289 3001 1362 3064 bere,
1374 3009 1401 3054 et
1413 3002 1450 3057 ire
1461 3001 1493 3055 ad
1505 3002 1651 3073 sortilegos,
1666 3012 1693 3058 ει
1701 3004 1758 3058 dies
1768 3003 1852 3058 bonos
1865 3004 1964 3057 delere.
1977 3003 2077 3059 [licitur

1289 3094 1325 3147 illi
1341 3092 1419 3148 :Nou
1434 3103 1508 3164 potes
1522 3094 1591 3149 niele
1606 3095 1703 3149 iaciens
1718 3111 1837 3179 ‹qurerere
1857 3094 1953 3150 brennam
1973 3073 2086 3151 merce-¹

1288 3187 1360 3241 dein.
1378 3186 1448 3241 Situ
1464 3186 1633 3255 injustuses,
1654 3186 1767 3257 injustus
1787 3188 1838 3241 crit
1856 3196 1884 3242 et
1904 3188 1991 3241 Densi
2006 3187 2077 3257 Ergo
2159 3240 2164 3248 ,

1289 3278 1351 3348 quid
1365 3276 1480 3333 iincism‘i
1493 3278 1560 3345 Quid
1573 3279 1633 3334 visi
1646 3278 1732 3333 llltem
1750 3279 1823 3339 rolo,
1838 3277 1896 3334 dies
1909 3280 1992 3352 Ιιοιιοε
2005 3278 2075 3333 uuio.

1290 3369 1395 3426 Contine
1407 3369 1519 3441 linquent
1537 3380 1605 3423 issent
1618 3386 1634 3423 u
1646 3370 1723 3435 trinio,
1737 3379 1760 3423 tt
1770 3370 1836 3426 letio
1847 3379 1891 3423 tun
1903 3386 1934 3422 ne
1943 3370 2078 3441 inquinetur

1290 3463 1377 3518 cisium
1391 3479 1400 3516 .·
1415 3462 1504 3530 idest,
1521 3463 1585 3517 nulli
1601 3462 1736 3528 irnudem,
1750 3462 1815 3518 rnulii
1829 3462 2006 3517 mendacium.

1326 3556 1370 3613 iii.
1394 3553 1469 3630 [rens.
1483 3555 1538 3629 itt]
1558 3555 1610 3612 Sed
1629 3555 1760 3627 quidest,
1777 3555 1910 3610 licelinus
1924 3555 2012 3610 nroioi
2029 3554 2080 3610 Pu·

1291 3664 1349 3705 rum
1362 3659 1404 3705 est
1417 3647 1481 3703 nulii
1500 3663 1613 3713 noceas,
1636 3648 1736 3703 nulium
1756 3647 1878 3714 occides,
1897 3661 1949 3702 nron
1970 3646 2077 3710 fureris,

1291 3757 1344 3796 non
1357 3739 1499 3807 ndultcres,
1515 3753 1567 3794 nou
1583 3738 1701 3795 fraudem
1716 3737 1813 3806 incias,
1827 3754 1879 3794 nou
1894 3738 1987 3793 laisum
2002 3738 2078 3792 testi·

1291 3836 1409 3889 monium
1431 3833 1514 3888 dieas.
1537 3831 1645 3886 liertiae
1662 3848 1679 3885 n
1696 3830 1764 3886 mulo
1783 3846 1794 3886 .·
1812 3846 1872 3885 curn
1894 3829 2078 3895 declinaveris,

1292 3927 1379 3983 dieis:
1397 3926 1513 3982 Secnnrs
1533 3941 1608 3989 sum,
1628 3923 1725 3995 perieei
1744 3924 1849 3989 onrrris,
1865 3921 1969 3977 habebo
1986 3921 2078 3985 vitans,

1292 4019 1387 4075 uidebo
1404 4019 1461 4074 dies
1480 4019 1575 4074 botros.
1592 4016 1650 4073 Non
1667 4017 1753 4072 solum
1768 4016 1866 4070 decline
1884 4031 1900 4068 o
1916 4015 2002 4079 nmio,·
2021 4013 2079 4080 sed,

1292 4095 1316 4168 et
1328 4117 1369 4184 [nr
1381 4112 1482 4166 ionum.
1497 4110 1593 4166 Parum
1612 4120 1653 4164 est
1671 4117 1699 4163 ut
1719 4123 1771 4163 non
1785 4106 1934 4176 exspolies:
1949 4103 2014 4159 resti
2029 4119 2081 4158 nu·

1293 4206 1366 4261 duur.
1380 4203 1408 4260 si
1420 4219 1470 4257 non
1482 4202 1679 4273 exspoliaveris,
1691 4200 1827 4255 declinasti
1842 4214 1856 4252 a
1870 4198 1940 4253 malo
1952 4215 1958 4252 :
1971 4196 2018 4251 sed
2028 4213 2081 4251 uon
2101 4237 2104 4245 ,

1288 4297 1375 4352 iacies
1388 4297 1503 4360 botrum,
1520 4295 1570 4348 nisi
1584 4308 1643 4349 eum
1656 4292 1821 4362 peregrinum
1836 4290 1984 4359 susceperis
1997 4289 2023 4344 in
2036 4290 2084 4344 du·

1286 4407 1366 4453 ,mum
1380 4400 1460 4446 runnu.
1474 4389 1544 4465 Ergo
1556 4388 1594 4442 sie
1606 4385 1709 4442 decline
1719 4400 1734 4438 e
1746 4384 1827 4461 trinio,
1842 4393 1869 4436 nt
1881 4382 1961 4437 iacias
1973 4382 2082 4437 bonrum

1297 4483 1388 4551 erere
1400 4496 1496 4553 pacensi,
1511 4489 1535 4534 et
1548 4468 1727 4550 sequereturne.
1743 4474 1800 4530 Nou
1817 4475 1862 4529 din
1877 4473 1958 4538 dixit,
1975 4472 2084 4528 lrrrlrelris

1296 4574 1339 4630 lde
1351 4588 1442 4644 pacem
1459 4590 1465 4625 :
1481 4587 1570 4642 qrraere
1584 4570 1672 4632 iilam,
1689 4580 1714 4625 ει
1729 4583 1840 4639 sequere
1857 4583 1926 4623 saur.
1940 4566 2084 4635 Quoiliaur

1295 4663 1412 4736 sequor?
1424 4665 1482 4732 Quo
1493 4661 1635 4734 precessit.
1650 4661 1777 4715 Dourisrus
1789 4654 1858 4714 cuim
1870 4667 1911 4713 est
1923 4674 1971 4727 pan
1983 4665 2083 4719 inostro,

1296 4757 1442 4814 resurrexit
1454 4765 1480 4810 et
1493 4754 1611 4811 sseenidit
1627 4753 1651 4808 in
1665 4753 1774 4810 eoelurn.
1790 4752 1881 4818 Quere
1890 4766 1993 4822 paceni,
2008 4757 2031 4803 et
2043 4764 2085 4802 se·

1296 4867 1370 4923 quem
1387 4851 1459 4905 illem
1471 4865 1481 4905 .·
1495 4847 1556 4919 quis
1570 4857 1598 4902 et
1611 4856 1638 4902 ιιι
1652 4861 1712 4901 cnm
1727 4844 1888 4905 surrexeris,
1906 4841 1956 4896 lioe
1973 4839 2086 4894 risoriaie

1297 4941 1459 5007 nnuisbitur,
1472 4949 1499 4994 ει
1510 4936 1679 5008 amplecteris
1692 4951 1801 5008 pacem,
1816 4933 1859 4988 ubi
1874 4932 1921 4987 tibi
1935 4944 2013 4985 neruo
2026 4944 2086 4984 mo·

1298 5036 1381 5092 lcstus
1393 5033 1453 5089 erit.
1468 5032 1504 5088 lbi
1517 5032 1588 5087 enirn
1601 5037 1643 5086 est
1655 5028 1770 5099 perlecta
1784 5041 1844 5097 pus,
1855 5024 1962 5078 ulrluou
1972 5020 2084 5077 esuries.

1298 5127 1364 5183 Nom
1386 5125 1429 5182 hic
1450 5125 1495 5179 riui
1519 5139 1609 5194 pacem
1629 5121 1691 5176 iacit
1704 5119 1779 5189 panis
1791 5132 1799 5172 ε
1813 5115 1914 5170 snirdue
1934 5127 2044 5182 ιειιειιι,
2059 5121 2087 5167 ει

1298 5220 1443 5290 rlrlcqusle
1454 5218 1551 5274 beilum
1561 5217 1612 5270 erit
1623 5217 1691 5269 iutra
1702 5215 1802 5266 viscera
1814 5219 1867 5262 tua.
1882 5207 1932 5276 ipsi
1945 5207 2009 5277 justi
2019 5220 2087 5276 qur)-

1299 5313 1379 5369 ruodo
1391 5318 1500 5383 gesrrunt
1520 5309 1579 5375 liic,
1597 5304 1710 5362 testreet
1723 5313 1754 5356 ut
1766 5298 1927 5370 scietisquio
1943 5297 2087 5369 querimus

1301 5408 1343 5464 iric
1357 5421 1463 5477 pacem,
1476 5413 1668 5470 consequemur
1681 5404 1769 5450 entem
1785 5393 1810 5448 iu
1825 5392 1886 5447 inne.
1901 5391 1955 5447 Sed
1967 5407 2001 5447 ex
2012 5400 2090 5462 parte

1300 5503 1343 5557 iric
1356 5501 1510 5562 lrabeamus,
1523 5505 1595 5549 uter
1609 5502 1665 5546 tuto
1678 5488 1730 5544 illic
1740 5487 2008 5543 habere-mercamur.
2019 5481 2087 5550 Quiri

1300 5606 1351 5663 est,
1365 5612 1397 5653 er
1413 5591 1505 5665 parte?
1519 5585 1670 5645 Concordes
1683 5584 1766 5639 simus
1780 5579 1833 5646 liic,
1846 5578 1985 5650 diligamus
2000 5575 2089 5646 prosi-

1300 5705 1372 5745 mum
1385 5682 1518 5758 quonrodo
1533 5693 1591 5734 nos.
1613 5677 1656 5734 Sic
1676 5674 1755 5745 dilige
1775 5660 1882 5727 fratrem
1900 5666 2033 5740 quomodo
2047 5675 2089 5721 tc·

1301 5782 1403 5852 ipsum,
1420 5774 1488 5830 lrabe
1504 5787 1564 5829 cum
1583 5770 1629 5826 illo
1645 5782 1746 5847 poesin.
1762 5764 1815 5820 Sed
1837 5778 1889 5818 non
1908 5768 2019 5833 possnnt
2038 5754 2089 5812 nisi

1301 5874 1415 5930 existere
1429 5868 1494 5924 rixae
1508 5866 1620 5934 aliquae,
1635 5857 1767 5931 quourodo
1787 5848 2089 5911 interfectionum

1301 5970 1408 6021 sanctos
1420 5961 1586 6022 exstiterunt,
1603 5950 1830 6009 interlinealem
1849 5953 1877 6002 et
1894 5942 2003 6000 Prulunr
2020 5937 2088 6010 (Act.

1302 6074 1350 6126 ιι,
1366 6056 1412 6123 59)
1426 6072 1434 6109 s
1448 6052 1494 6109 sed
1510 6065 1562 6106 non
1577 6064 1636 6119 quse
1655 6044 1807 6101 occiderent
1829 6035 2015 6100 concordiam,
2033 6046 2088 6088 non

1302 6164 1363 6220 qnae
1371 6143 1556 6213 interimerent
1567 6138 1733 6201 ιιιιίιιιιιιι.
1747 6133 1814 6204 liam
1823 6137 1853 6188 et
1863 6122 2095 6199 ttotpslreslss'ts
