5025 6925
443 677 489 736 ibi

443 803 499 872 ipso
514 797 593 853 audis
611 813 619 851 ε
635 795 698 851 Nun
709 806 746 850 ert
757 812 843 850 rerem
854 794 939 864 major
949 792 1055 847 connino
1069 807 1127 854 ruo,
1139 801 1164 845 et
1177 804 1230 843 neu

442 903 477 948 est
487 886 975 962 rtatpueampermnptumm(toan.
987 902 1046 949 aut,
1056 882 1119 954 tut?
1129 880 1229 952 lllepre

937 693 1133 755 uuttttta'tto
1153 687 1187 747 ill
1216 673 1376 738 asumma
1397 683 1513 739 xxxvt.

2011 699 2065 754 ³62

1281 794 1443 859 festinamus,
1457 807 1483 850 et
1496 795 1610 853 dicimus
1625 816 1631 851 ι
1646 797 1758 868 Quatttio
1770 799 1841 858 eritl
1864 803 1979 862 Tertium
1993 812 2065 865 erit?

1279 881 1334 941 lloc
1347 886 1441 942 dicturi
1459 888 1505 943 tilii
1521 881 1616 972 riustri,
1631 901 1658 947 et
1673 891 1723 962 boc
1735 893 1833 952 dicturi
1844 909 1953 970 nepotes
1963 906 2065 959 nostri·

444 993 468 1041 te
479 983 591 1040 dolores
603 982 720 1053 flagella,
735 979 891 1052 opprobria,
906 975 1024 1041 erucem,
1040 982 1153 1029 mortem
1165 987 1228 1042 pas·
1277 986 1306 1032 et
1318 991 1379 1033 cum
1394 980 1489 1050 singuli
1511 982 1609 1054 qrrique
1629 985 1679 1040 sibi
1703 988 1878 1046 succedentes
1894 991 1951 1050 bare
1970 996 2068 1052 illelmi

443 1087 554 1134 tuaest.
582 1075 612 1130 Et
633 1076 697 1146 quiri
716 1076 812 1129 horum
824 1071 899 1141 justo
911 1067 1077 1126 debebatur?
1089 1065 1152 1136 quid
1175 1078 1228 1118 nou
1277 1080 1350 1136 sum,
1362 1073 1401 1128 sic
1416 1071 1511 1129 transit
1529 1076 1600 1146 quiid
1620 1077 1708 1134 aditae
1729 1077 1853 1149 pusillum
1877 1083 1993 1142 laturum
2013 1098 2064 1152 ast,

441 1169 489 1226 tibi
501 1167 639 1240 peccatori
654 1166 817 1222 debebatur?
829 1163 900 1234 Ergo
912 1170 974 1217 tene
985 1154 1229 1215 directumoeulom

440 1287 526 1340 tuum,
537 1285 572 1326 ne
586 1270 704 1326 turbetur
717 1272 817 1340 praetre
832 1287 838 1321 :
852 1264 983 1321 Desineab
995 1264 1043 1329 ira,
1052 1270 1075 1316 et
1085 1259 1227 1328 derelinque

1278 1163 1500 1246 quemadmodum
1516 1168 1618 1223 transiit
1633 1178 1715 1223 totnm
1735 1172 1805 1241 quod
1823 1173 1879 1243 jam
1901 1177 2065 1245 praeteritam

1278 1267 1328 1310 est.
1351 1254 1374 1312 0
1394 1257 1518 1312 infirme!
1543 1259 1632 1312 Aciliae
1654 1261 1793 1332 pasiliano,
1816 1274 1838 1319 et
1855 1283 1906 1321 ιιοιι
1918 1269 1965 1323 crit
1979 1287 2066 1341 pecco

427 1349 647 1436 ¹imlipnutioncm.
663 1349 1227 1427 Nerabaenrulericutnuliqnelaciar:quasi
1276 1347 1329 1402 tor.

441 1449 569 1509 imitando
583 1468 644 1509 eum
659 1453 703 1522 qui
715 1450 829 1521 maligne
840 1448 961 1504 iaciendo
974 1446 1051 1501 floret
1064 1444 1096 1499 ad
1113 1454 1225 1512 tempus.

443 1543 482 1600 Ne
491 1544 679 1609 raboemulerir,
691 1553 718 1596 ut
730 1542 841 1613 ntalipnc
854 1542 944 1613 [ecies.
962 1538 1087 1604 Quoniam
1099 1535 1142 1606 qai
1154 1534 1228 1587 uteli-

440 1654 486 1712 pnc
496 1645 588 1708 ayant,
602 1635 841 1689 catanenabantar.
852 1631 903 1687 Sed
919 1629 1070 1686 leticiuttem
1083 1641 1176 1682 eorum
1188 1626 1228 1677 ri-

440 1713 498 1786 ilco.
514 1725 603 1786 Cretle
613 1727 650 1782 illi
663 1727 708 1799 qui
720 1725 784 1782 elicit
799 1744 805 1779 ε
818 1724 1060 1796 Exterrninabuptur
1074 1737 1084 1775 .·
1096 1721 1157 1790 quia
1170 1733 1226 1772 me·

444 1823 492 1879 litu
509 1821 556 1877 illc
573 1821 645 1875 ridet
657 1836 735 1889 quam
747 1830 785 1885 tu,
801 1821 875 1888 eajm
885 1817 990 1871 «tertium
1005 1815 1111 1869 turbare
1124 1813 1162 1892 ira
1174 1827 1227 1865 nnn

445 1926 537 1986 petest
553 1914 680 1983 Querulum
693 1914 735 1984 qui
754 1912 863 1982 uruiiquc
878 1919 973 1981 aqum,
988 1905 1226 1962 exterminabantur.

445 2007 600 2062 Sattittttrter
610 2015 692 2059 autem
709 2003 854 2058 [lentitiam.
873 2000 930 2055 Nou
946 1999 1016 2055 euim
1030 1998 1145 2068 aliquem
1156 1994 1230 2049 falla·

444 2114 510 2163 certa.
527 2097 573 2153 teti
589 2098 678 2168 utique
692 2098 774 2165 ipsam
788 2095 925 2149 ueritatem
942 2111 948 2144 :
965 2107 1017 2146 non
1032 2090 1104 2145 enim
1114 2087 1227 2158 aliquem

1315 1438 1358 1492 ll.
1377 1436 1413 1491 Et
1423 1455 1520 1510 queres
1533 1440 1614 1496 locum
1623 1445 1687 1514 eius.
1698 1455 1722 1499 et
1735 1464 1783 1516 oon
1793 1450 1911 1506 incertius.
1924 1453 2061 1530 Ostendit,

1257 1607 1261 1612 -
1279 1529 1343 1602 quta
1361 1530 1444 1597 dixit,
1461 1549 1511 1587 uon
1529 1536 1575 1589 crit
1586 1552 1596 1590 :
1609 1551 1661 1590 non
1674 1539 1735 1608 quia
1749 1543 1858 1598 omnino
1871 1561 1922 1602 uon
1937 1551 2004 1616 erit,
2019 1556 2067 1609 sel

1279 1622 1339 1692 qnia
1350 1623 1383 1678 ad
1397 1625 1485 1679 nullos
1499 1641 1561 1681 usus
1571 1643 1631 1683 esse
1642 1632 1747 1699 poterit.
1763 1632 1790 1688 Si
1805 1636 1876 1692 enirn
1889 1640 1998 1696 onnrrino
2013 1659 2065 1698 nnn

1278 1717 1340 1782 erit,
1363 1733 1412 1773 trec
1433 1721 1616 1802 torquebitur:
1627 1724 1682 1793 jam
1706 1742 1770 1798 ergo
1791 1735 1920 1788 seetrritas
1940 1736 2000 1794 data
2026 1749 2068 1798 cet

1280 1809 1430 1874 peccatori,
1450 1822 1478 1864 nt
1496 1812 1587 1866 dicat:
1604 1813 1709 1894 faciam
1725 1819 1852 1890 quidquid
1869 1825 1929 1880 tolo
1942 1829 2067 1899 quantillo

1280 1900 1358 1964 riri»,
1380 1910 1471 1972 postea
1491 1920 1542 1958 mm
1562 1921 1618 1961 ero.
1639 1908 1696 1963 b'ou
1710 1912 1817 1983 eritne
1833 1915 1938 1984 eniteat,
1952 1937 2005 1978 arou
2017 1924 2068 1979 crit

1280 1990 1325 2061 qui
1341 1995 1509 2062 torqueatur?
1522 1996 1556 2050 Et
1568 1995 1611 2052 ubi
1625 2010 1676 2066 est,
1690 1999 1731 2056 lte
1742 2003 1768 2058 in
1782 2005 1865 2077 ipnem
1877 2022 1998 2067 ωιιιιιιιιιι
2007 2057 2015 2074 .
2025 2017 2069 2086 qni

1281 2091 1431 2156 permutent
1447 2083 1547 2140 diabolo
1560 2097 1585 2141 et
1598 2090 1694 2160 unqelir
1710 2093 1766 2162 ejus
1787 2093 1892 2164 (batti.
1914 2116 1984 2170 aar,
2000 2105 2068 2175 illl

444 2189 530 2244 minos
541 2187 682 2254 valentem.
698 2186 744 2241 setl
759 2186 849 2256 utique
860 2185 1079 2253 ornnibotentem.
1096 2180 1230 2235 Saitinen·
1260 2235 1263 2242 ,
1279 2172 1332 2230 Set
1347 2174 1414 2230 lorte
1428 2177 1500 2232 missi
1520 2180 1545 2232 in
1565 2181 1651 2251 ignem
1666 2183 1739 2239 illum
1753 2202 1805 2241 non
1819 2201 1914 2256 crunt,
1928 2205 1956 2249 et
1971 2213 2068 2254 cortou·
2083 2213 2087 2221 ·

442 2292 570 2337 mm
582 2277 727 2345 Domitiam,
737 2278 785 2346 rpri
798 2275 943 2331 hereditate
953 2273 1113 2347 possidebunt
1126 2282 1227 2335 terrum,
1281 2275 1396 2320 menter.
1417 2267 1474 2322 Non
1489 2269 1541 2325 tttts
1554 2271 1707 2341 diceretur,
1723 2274 1764 2330 lte
1783 2279 1809 2332 in
1828 2281 1912 2352 ipnem
1924 2295 2068 2354 catanam,-

443 2373 524 2442 tuam
538 2382 636 2428 terram
649 2413 656 2436 ,
671 2371 720 2425 nisi
732 2371 802 2424 iilam
817 2367 978 2434 ierusalem,
991 2366 1067 2436 eujus
1079 2379 1171 2419 amore
1183 2362 1228 2436 qui
1281 2357 1340 2426 quia
1354 2374 1406 2412 non
1420 2358 1515 2415 luteris
1533 2378 1585 2417 non
1607 2376 1679 2421 essct
1698 2377 1822 2426 aeternus.
1844 2374 1878 2428 Et
1899 2387 1986 2435 taruco
2005 2385 2067 2453 quie

442 2463 599 2527 candescit,
614 2461 748 2532 perveniet
762 2459 794 2514 ad
811 2460 923 2529 pacem?
1281 2447 1334 2504 tttie
1349 2453 1462 2506 luturmu
1482 2454 1516 2508 sit
1536 2455 1594 2522 eis,
1612 2468 1698 2514 utrum
1717 2463 1827 2518 onmino
1839 2473 2018 2541 consumptio,
2033 2492 2067 2532 an

475 2555 520 2613 pp,
538 2553 614 2630 [m
629 2552 683 2627 tq]
695 2551 879 2622 suntquamtliu
894 2560 1017 2621 peccator
1031 2548 1126 2603 floretl
1137 2562 1230 2617 qnam·
1259 2599 1262 2604 ,
1279 2541 1400 2626 doloret
1418 2547 1560 2610 eruciatus,
1582 2567 1632 2603 mm
1655 2554 1737 2607 euertit
1756 2555 1883 2614 bonitium
1899 2561 1992 2620 dicem
2006 2584 2013 2621 :
2028 2567 2069 2623 lli

442 2647 484 2704 dia
498 2647 654 2704 sustinebo?
674 2646 816 2701 Festinus:
832 2644 885 2699 cito
898 2644 950 2699 erit
963 2641 1033 2713 quud
1050 2641 1096 2696 tibi
1114 2636 1159 2695 elin
1177 2649 1227 2695 est.
1262 2699 1265 2704 ⁸
1280 2635 1325 2689 crit
1338 2639 1452 2706 ploratur
1464 2649 1488 2693 et
1499 2641 1592 2695 stridor
1602 2644 1713 2699 tortium
1725 2644 1780 2719 (ta.
1792 2665 1848 2714 tut,
1859 2653 1916 2724 tt).
1930 2655 2069 2724 thmotlu

444 2737 584 2794 tnttrmltas
596 2735 657 2792 lacit
669 2737 714 2791 diu
730 2735 813 2790 titleri
825 2734 896 2805 quoti
907 2734 960 2788 eito
972 2743 1023 2787 est.
1038 2731 1176 2799 Qnrmuulo
1189 2732 1229 2786 itt-

443 2830 583 2894 rcniuntur
593 2828 727 2884 desideria
742 2825 917 2897 egrotorum?
935 2824 1004 2880 Nihil
1019 2823 1130 2889 tamilla,
1148 2836 1227 2891 quam

443 2931 469 2978 ιι
478 2921 551 2978 calix
565 2919 665 2974 sitienti
680 2928 850 2987 temperetur.
866 2915 962 2985 Utique
974 2915 1140 2969 seminatura
1155 2912 1227 2977 suis,

443 3027 473 3068 ce
487 3010 716 3066 toneottentatur
726 3008 855 3062 inlnmns.
871 3006 981 3074 erantlo
995 3004 1057 3060 tietl
1070 3002 1176 3074 ‹puarrdo
1188 3019 1229 3059 co·

443 3102 555 3172 metunt
568 3099 676 3170 querulo
689 3098 813 3153 dabitur?
825 3095 953 3151 Celeritas
965 3103 1006 3150 est
1021 3096 1046 3148 iu
1061 3094 1168 3164 illisqui
1182 3094 1228 3149 tibi

444 3195 570 3258 tertium,
593 3191 640 3248 sed
666 3191 804 3245 intirmitas
825 3200 868 3243 tua
888 3188 1041 3242 diuturnum
1064 3196 1137 3256 putat
1158 3185 1229 3256 qnod

430 3267 492 3340 ¹cite
503 3283 604 3353 agitur.
622 3275 692 3351 Ergo
705 3278 792 3333 ridete
807 3279 938 3332 rnetliemn
954 3288 1073 3331 nostram
1089 3276 1229 3331 blamlieu·

443 3383 494 3430 teau
507 3369 719 3428 iutirtnodicenti
733 3390 739 3424 :
751 3370 880 3439 Quartuliu
891 3366 1009 3423 durabat
1023 3366 1147 3438 quamdiu
1159 3367 1230 3422 eniti

445 3464 475 3521 l't
484 3449 572 3520 ¹etlltnc
583 3463 713 3537 perillum,
730 3473 752 3516 et
762 3479 811 3516 non
825 3462 870 3514 erit
881 3471 1003 3530 necentur.
1021 3460 1091 3514 luter
1106 3471 1229 3531 praecato-

443 3572 485 3614 res
501 3569 576 3613 certe
597 3557 692 3627 geritis,
713 3554 747 3610 tle
767 3563 905 3623 peccatore
927 3553 1012 3623 gemis
1028 3569 1035 3604 ι
1050 3553 1184 3621 pusillum,
1202 3563 1230 3610 et

433 3640 494 3705 ¹uon
506 3650 567 3705 erit.
584 3640 624 3703 Ne'
642 3647 727 3714 lonc,
742 3647 803 3716 quia
820 3644 865 3698 tibi
886 3643 956 3708 etat,
973 3643 1128 3698 Sustinentec
1147 3657 1231 3698 trutrm

443 3732 590 3807 bammum,
602 3739 654 3815 ¹ipsi
672 3738 817 3792 lrereditute
830 3735 989 3807 possidebunt
1002 3746 1104 3800 terrum,
1122 3752 1155 3789 ne
1170 3750 1230 3788 sus·

442 3830 580 3895 b'tteutiam
604 3832 681 3886 istam
702 3828 883 3899 longissimam
906 3834 997 3896 putem
1020 3827 1152 3880 tnotllcum
1167 3841 1230 3880 sus·

442 3926 515 3989 titre,
530 3925 589 3979 siue
604 3926 655 3977 linc
669 3922 783 3993 accipies
801 3918 872 3990 quati
892 3918 1015 3973 sustines¹
1040 3910 1134 3972 beliue
1149 3918 1229 3985 pusii·

442 4018 497 4071 ium
514 4055 522 4068 .
537 4015 681 4069 ttuulicttttt.
699 4012 794 4067 ileeole
805 4025 889 4064 arettas
903 4013 936 4064 ab
952 4008 1034 4063 Atlzrm
1049 4011 1169 4078 usquein
1184 4010 1232 4063 lto·

442 4108 565 4165 &eruum
577 4107 659 4171 elicui,
672 4120 795 4174 percurre
806 4102 973 4172 Scripturas:
990 4103 1046 4157 beri
1061 4119 1127 4172 pene
1140 4104 1184 4158 illc
1196 4102 1230 4158 do

445 4199 567 4273 paradiso
588 4198 676 4267 lapsus
695 4205 744 4250 est.
764 4194 814 4248 Τοι
834 4194 929 4249 sucula
951 4208 1058 4249 etueusa
1079 4204 1106 4248 et
1124 4194 1230 4249 evoluta

444 4300 515 4345 serat.
532 4286 582 4345 Ubi
595 4296 656 4342 sum
667 4285 798 4356 praeterita
817 4283 956 4352 tempora?
968 4282 1012 4338 Sic
1024 4288 1174 4355 paucaque
1186 4300 1230 4340 re·

443 4392 525 4449 stant,
537 4381 626 4451 otique
638 4378 795 4433 transibunt.
812 4376 840 4431 st
855 4385 911 4430 toto
924 4375 971 4429 illo
985 4387 1103 4446 tempure
1115 4378 1228 4443 rireres,

444 4490 478 4531 er
492 4488 546 4547 quo
557 4473 642 4528 nean
657 4471 690 4526 tle
703 4469 825 4542 paradiso
837 4469 962 4523 diruissus
976 4479 1113 4539 estusque
1133 4470 1159 4525 in
1180 4471 1229 4523 bu-

444 4566 564 4622 rliernam
580 4561 964 4627 tlieu13certetitleresvit‘tm
984 4569 1056 4614 tuam
1076 4575 1128 4614 narn
1145 4560 1230 4616 luisse

444 4662 612 4724 diuturnam,
628 4675 687 4729 quae
701 4658 739 4712 sic
751 4657 892 4711 avolasset.
907 4654 991 4711 Unius
1001 4665 1089 4710 autem
1103 4657 1229 4727 cujusque

446 4752 557 4807 borniuis
570 4753 621 4808 rita
643 4759 740 4822 quauta
760 4748 819 4803 est?
839 4748 915 4803 Atltlc
936 4747 1114 4819 quantoslibet
1133 4765 1228 4814 annos,

445 4848 495 4900 elac
509 4838 689 4917 longissimam
704 4850 884 4908 senectutem,
899 4838 1033 4911 quidest?
1052 4839 1144 4894 Nmme
1165 4855 1229 4894 aura

445 4946 486 4991 est
498 4936 644 4991 matutina?
657 4935 726 5003 Ergo
741 4935 818 5003 louge
830 4933 864 4986 eit
874 4932 931 4986 tlies
942 4930 1045 5000 jtrdicii‚
1061 4930 1166 5001 quando
1178 4933 1230 4986 erit

445 5029 580 5086 retributio
601 5029 758 5098 injustorum
781 5036 809 5080 et
827 5026 958 5094 pistorum
975 5043 981 5079 :
997 5034 1056 5079 tuus
1077 5034 1150 5080 certe
1171 5024 1230 5081 dies

444 5125 550 5180 ιιιιιιιιιιι
560 5124 638 5194 longe
648 5122 742 5177 abesse
752 5135 805 5175 non
817 5128 912 5190 potest.
929 5117 968 5173 bd
980 5120 1049 5173 bunc
1062 5127 1088 5172 te
1099 5133 1227 5188 prepara.

443 5214 533 5283 Qrtaiis
543 5213 614 5271 euim
628 5211 725 5266 exieris
739 5210 772 5265 tle
788 5211 837 5263 bac
854 5208 918 5275 rita,
932 5207 992 5263 talis
1006 5207 1124 5263 retltleris
1137 5209 1173 5263 ilii
1188 5209 1227 5262 ri·

445 5314 487 5360 tre.
509 5302 572 5359 Post
582 5304 662 5356 uitam
677 5302 753 5355 istam
772 5314 877 5370 parram
892 5298 1010 5369 nentium
1024 5298 1077 5352 eris
1092 5299 1135 5352 ubi
1149 5307 1229 5353 erum

443 5395 536 5457 nimi.
551 5396 647 5466 quibus
660 5394 782 5448 tlioetur:
805 5390 900 5455 b'enite,
918 5389 1041 5443 benedicti
1058 5387 1142 5443 Putris
1157 5390 1225 5455 ιιιιί,

443 5488 561 5559 percipite
570 5502 674 5559 requam
685 5484 752 5559 quod
764 5484 832 5537 cebir
842 5491 959 5552 paratum
970 5491 1006 5535 ert
1016 5480 1047 5534 ab
1058 5482 1129 5535 initio
1140 5482 1227 5534 tutandi

443 5584 452 5653 l
461 5580 551 5637 laub.
564 5598 626 5644 aar,
640 5582 674 5635 bl
684 5578 706 5652 ).
722 5576 842 5633 Nondum
861 5576 895 5629 ibi
911 5576 974 5638 eris,
986 5575 1045 5646 quis
1059 5573 1160 5629 nescit?
1173 5574 1225 5630 Set

439 5690 492 5745 ,am
509 5674 608 5743 poteris
629 5674 664 5726 ibi
685 5686 762 5735 esse,
783 5668 825 5722 nbi
841 5668 914 5722 illum
927 5667 1059 5738 quondam
1076 5668 1225 5722 ulcerosum

442 5782 602 5836 perruperunt,
626 5766 701 5818 divers
721 5763 765 5817 itte
784 5762 913 5831 superbus
932 5771 958 5815 et
979 5760 1076 5841 sterilis
1091 5761 1116 5814 in
1132 5760 1226 5814 mediis

439 5860 494 5913 stris
507 5859 646 5912 renitentis
658 5855 744 5909 ridita
757 5855 834 5924 longe
849 5854 1057 5923 requiescentem
1070 5852 1146 5924 (Luc.
1164 5870 1224 5919 art,

438 5952 473 6009 ta
484 5962 505 6020 t.
528 5951 555 6006 ln
571 5953 617 6006 illa
629 5951 722 6023 rcqtrie
736 5951 852 6018 positus,
875 5957 948 6002 cer-te
963 5963 1073 6003 securus
1087 5956 1225 6017 exspectas

436 6043 531 6115 juilleii
546 6045 627 6109 ulmo,
644 6042 748 6110 qrrainlo
763 6041 875 6108 recipias
887 6048 914 6093 et
928 6052 1035 6109 corpus,
1051 6041 1157 6109 quando
1172 6041 1223 6095 im-

436 6138 553 6191 rnuteris
566 6145 592 6188 et
605 6150 656 6204 ang
666 6136 698 6188 tn
714 6134 838 6202 eniteris.
862 6133 930 6204 Ergo
948 6145 1075 6205 quantum
1091 6145 1132 6189 est
1151 6133 1224 6205 quod

520 6220 659 6279 Parent.
680 6219 825 6281 xxxii.

1279 2740 1343 2798 ergo
1357 2727 1496 2797 plorabunt
1509 2740 1536 2785 ct
1550 2733 1699 2791 strttetnnu
1711 2737 1851 2806 dentibus,
1867 2746 1888 2799 si
1902 2762 1954 2802 non
1969 2755 2070 2809 eruntl

1280 2815 1419 2886 Quorrrorlo
1433 2834 1497 2890 erqo
1510 2822 1553 2877 bic
1567 2823 1656 2880 Aeliae
1667 2827 1799 2897 perillum,
1813 2842 1839 2888 et
1852 2851 1903 2889 non
1916 2838 1965 2893 erit
1974 2843 2067 2910 'pecce-

1280 2916 1328 2973 tor‚
1340 2909 1390 2962 nisi
1404 2912 1538 2980 quomodo
1553 2915 1577 2968 in
1589 2919 1709 2986 sequenti
1721 2935 1798 2976 tersa
1809 2929 1941 2996 exprimit,
1953 2929 1988 2988 bt
1996 2950 2067 3003 qae-

1280 3014 1319 3052 rer
1331 2999 1413 3053 iocum
1424 3002 1488 3070 ejus,
1503 3012 1527 3055 et
1540 3020 1590 3058 ιιιιιι
1608 3006 1737 3062 invenies?
1751 3010 1820 3078 Quiri
1833 3024 1883 3076 est.
1899 3016 1983 3075 locoru
1994 3025 2070 3095 ejarl

1281 3087 1364 3144 Usum
1376 3090 1444 3159 ejus.
1460 3091 1543 3146 lialtet
1558 3095 1628 3148 enim
1644 3097 1757 3169 aliquem
1771 3117 1848 3158 usum
1862 3114 2005 3174 peccator?
2018 3115 2071 3170 ila·

1281 3178 1335 3233 bet.
1360 3179 1407 3234 ilie
1421 3183 1503 3236 utitur
1517 3183 1563 3237 illo
1577 3186 1645 3240 bens
1657 3188 1690 3241 atl
1706 3191 1868 3266 probantium
1879 3197 1991 3268 justum,
2005 3222 2070 3275 quo-

1281 3268 1360 3322 motio
1375 3285 1437 3324 usus
1451 3283 1490 3325 est
1506 3271 1613 3329 eliabtrln
1624 3277 1656 3330 arl
1671 3279 1835 3347 probandum
1849 3286 1918 3354 iob,
1935 3299 2069 3363 qttomotlo

1282 3375 1345 3414 usus
1362 3361 1482 3453 ostiaria
1505 3364 1539 3418 ael
1560 3367 1715 3454 tratlentlnm
1737 3372 1883 3435 Christum.
1905 3381 1953 3439 Est
1967 3403 2031 3460 ergo
2043 3392 2068 3447 iu

1283 3449 1332 3506 bac
1344 3453 1396 3506 rita
1411 3453 1481 3522 qum
1495 3466 1587 3527 agatur
1598 3457 1632 3514 tie
1643 3453 1791 3531 peccatore.
1806 3449 1854 3525 iiic
1868 3483 1910 3528 est
1919 3490 1983 3547 erpo
1996 3481 2070 3539 lacus

1281 3543 1350 3613 ejus,
1364 3545 1497 3614 quomodo
1515 3557 1556 3602 est
1575 3546 1601 3603 iu
1622 3550 1728 3609 lorua'ee
1747 3558 1862 3617 aurilleis
1880 3564 1954 3621 loeus
1976 3571 2069 3639 palear.

1282 3635 1366 3689 Artlet
1380 3636 1470 3704 palea,
1489 3646 1518 3690 ut
1534 3654 1627 3695 arrrrnn
1648 3656 1774 3716 premetur
1787 3667 1794 3703 :
1809 3652 1848 3706 sie
1861 3658 1935 3711 saevit
1955 3660 2052 3732 impius

1283 3735 1309 3828 nt
1319 3727 1408 3825 iustus
1422 3730 1559 3796 probetur.
1569 3732 1625 3823 ¹Seri
1639 3750 1698 3790 cnm
1715 3742 1849 3798 transierit
1860 3754 1964 3820 tempus
1976 3707 2071 3823 proba:

1284 3826 1362 3870 tinum
1377 3830 1494 3882 postne,
1510 3823 1616 3889 quando
1627 3836 1679 3879 uon
1693 3837 1772 3884 erunt
1784 3834 1828 3902 qui
1841 3837 2002 3907 probentur,
2017 3861 2070 3902 rum

1282 3917 1362 3963 erum
1377 3925 1424 3979 per
1443 3926 1509 3981 rpem
1529 3915 1682 3981 probemur.
1703 3918 1834 3992 Numquid
1856 3930 1916 3996 qtria
1935 3931 2050 3991 diximus

1283 3994 1340 4053 b'on
1360 4010 1438 4054 erunt
1455 4002 1500 4071 qui
1520 4004 1684 4075 probentur,
1699 4026 1753 4065 non
1767 4024 1846 4069 crunt
1860 4016 1928 4087 ipsi?
1941 4016 1993 4079 Setl
2009 3977 2070 4096 quii

1281 4090 1336 4159 jam
1349 4106 1402 4145 non
1415 4106 1481 4160 opus
1492 4095 1542 4148 erit
1554 4100 1737 4165 peccatoribus
1747 4118 1795 4173 per
1804 4106 1871 4176 qutis
1878 4109 1942 4179 justi
1957 4118 2071 4184 preben-

1283 4190 1344 4236 tur:
1357 4182 1390 4236 Et
1399 4198 1496 4254 querca
1506 4185 1587 4241 locam
1597 4190 1661 4261 ejus.
1671 4201 1695 4245 et
1704 4210 1754 4247 non
1764 4195 1882 4257 incuties.
1897 4200 2071 4279 blndoquoere

1284 4273 1371 4365 iocum
1388 4279 1545 4345 peccatoria,
1560 4278 1688 4337 inuenies.
1708 4284 1748 4342 Dc
1767 4301 1907 4359 poccatmre
1921 4296 1983 4354 lecit
2000 4301 2074 4361 bene

1283 4362 1425 4439 flagellum,
1443 4368 1516 4425 dedit
1527 4372 1551 4427 ei
1565 4384 1592 4428 et
1609 4372 1752 4447 lautiorem,
1773 4380 1847 4440 detiit
1866 4386 1891 4443 ei
1908 4400 1935 4445 et
1953 4405 2070 4464 potcsta-

1284 4468 1347 4514 tenr.
1364 4460 1513 4530 Aliquando
1526 4465 1598 4520 enim
1613 4467 1749 4535 iacitbo'c;
1771 4474 1816 4529 eat
1838 4472 1971 4547 peccatori
1991 4500 2070 4557 poue.

1283 4559 1390 4611 statent.
1405 4552 1572 4623 tingebantur
1591 4556 1653 4611 inde.
1675 4576 1718 4615 res
1740 4562 1882 4632 litaturum.
1897 4576 2072 4635 emcndantur

1283 4640 1344 4698 inde
1353 4642 1387 4712 pii
1396 4645 1415 4696 ¹.
1431 4643 1565 4701 Peccatori
1580 4642 1615 4702 illi
1628 4646 1678 4704 boe
1686 4651 1811 4711 reddetur
1819 4660 1890 4729 qrtotl
1898 4662 2009 4721 debetur
2022 4686 2029 4723 ε
2043 4681 2071 4727 et

1284 4736 1477 4790 tamenlactnm
1491 4732 1532 4793 esi
1551 4736 1585 4793 tle
1607 4741 1651 4795 ttto
1669 4745 1741 4799 utute
1760 4751 1879 4816 protieiat
1900 4755 1978 4823 plus,
2002 4761 2072 4818 uode

1282 4826 1389 4882 deliciet
1402 4828 1507 4897 impius.
1525 4828 1629 4897 Quoerer
1643 4833 1726 4889 locum
1738 4838 1803 4909 ejice,
1818 4851 1841 4894 et
1853 4860 1903 4898 non
1915 4846 2033 4905 incenia.

1319 4918 1361 4973 te.
1382 4916 1457 4991 [cerr.
1473 4919 1528 4994 lb]
1543 4919 1671 4979 llanmeti
1687 4938 1770 4982 nartem
1792 4930 1938 4990 baeretlitutc
1955 4941 2069 5008 percide-

1282 5011 1343 5065 bunt
1357 5022 1458 5066 terrum.
1473 5012 1555 5069 Terra
1566 5025 1608 5070 est
1625 5017 1668 5071 ilia
1683 5017 1716 5073 tle
1728 5036 1779 5090 qua
1794 5038 1864 5091 saepe
1876 5024 1955 5082 locuti
1967 5046 2070 5103 sttttttts,

1283 5103 1431 5159 ierusalem
1447 5117 1556 5173 saneta,
1572 5124 1631 5177 ane
1646 5109 1801 5166 liberabitur
1812 5114 1846 5169 rie
1860 5112 2071 5186 peregrinatione

1283 5196 1342 5259 ista,
1356 5204 1382 5250 et
1396 5196 1421 5250 in
1436 5200 1564 5253 aeternum
1581 5201 1652 5254 viret
1672 5215 1732 5255 eum
1748 5198 1844 5259 Decet
1862 5207 1895 5263 tie
1914 5208 1979 5264 Dim.
2000 5198 2071 5287 Ergo

1282 5286 1427 5341 hereditate
1451 5287 1614 5358 possidebunt
1642 5300 1744 5344 terrum.
1778 5294 1843 5360 Quae
1866 5310 1945 5356 ctum
1966 5302 2069 5363 eleliciar

1282 5376 1419 5446 ipsorum?
1439 5377 1473 5431 lt't
1487 5377 1674 5434 eetectntantnr
1686 5382 1712 5435 in
1727 5384 1887 5441 raratttractne
1898 5392 1976 5458 pacis.
1994 5393 2071 5453 bele·

1281 5479 1367 5523 utetur
1375 5469 1417 5523 hic
1425 5469 1519 5540 impius
1528 5469 1604 5525 illeiu
1615 5472 1857 5547 multitudineauri,
1865 5480 1891 5535 iu
1902 5485 2070 5545 multitutline

1281 5559 1392 5631 tergenti,
1407 5560 1433 5613 in
1444 5560 1610 5617 nmltitmline
1626 5564 1834 5637 mancipiorum,
1854 5571 1880 5624 in
1901 5575 2069 5634 multitudine

1282 5661 1417 5722 postremo
1434 5649 1566 5719 baiarum,
1582 5668 1712 5723 rosarum„
1725 5659 1893 5730 nnmerum,
1909 5664 2069 5723 lautissimu-

1282 5759 1341 5797 rum
1355 5753 1383 5797 et
1399 5742 1594 5800 luxuriosorum
1607 5750 1789 5808 conviciorum
1800 5755 1822 5810 ¹.
1843 5754 1904 5810 ilaec
1917 5768 1959 5812 est
1971 5771 2067 5829 puten-

1279 5879 1319 5986 m·
1335 5882 1395 5960 tor,
1408 5872 1452 5985 pili,
1465 5876 1560 5928 abes-ta
1584 5887 1637 5931 ttse.
1651 5880 1783 5954 erumpnose
1798 5885 1822 5933 iu
1838 5885 1895 5935 tau.
1913 5887 2071 5947 crabreudi·

1311 5950 1534 6062 ratimari}
1543 5944 1902 6065 initmneibiitifli‘iiss
1914 6010 1997 6058 auen
2015 6012 2071 6074 qne

1279 6058 1343 6118 dam,
1356 6063 1467 6121 οιιοιιιιιι,
1489 6074 1600 6115 rosarum
1618 6078 1628 6117 :
1647 6067 1764 6124 nonnum,
1783 6066 1909 6125 olirnrnar.
1931 6080 2069 6126 resarcto:

1279 6118 1329 6182 elii,
1337 6120 1514 6193 memlerarqm
1520 6138 1628 6175 retamim
1638 6138 1645 6174 .·
1654 6127 1863 6189 mutescuntque„
1869 6129 2078 6193 arimenum.

1762 6235 1914 6322 (Ilouza-b
1963 6314 1967 6320 ,
