5025 6925
375 667 427 728 7⁰5

375 790 445 836 niam
459 779 503 852 qiir'
519 792 654 850 operaiitar
674 784 828 854 iniquitatem
834 801 844 849 ;
861 791 896 848 et,
915 782 957 838 Νι
977 784 1097 839 accideris
1111 801 1163 851 ees,

376 875 508 944 nequando
521 876 697 930 obliviscantur
710 878 771 947 leqis
784 878 852 931 tneo?
866 877 1004 945 Quomodo
1016 892 1069 933 uou
1083 878 1164 932 inise-

376 977 450 1021 retui·
459 968 577 1021 oninium
590 968 634 1038 qui
650 980 793 1038 operamur
805 969 980 1039 iniquitatem,
995 979 1021 1025 et
1031 969 1165 1040 quomodo

377 1072 429 1111 iiiiii
459 1058 555 1112 occidit
576 1073 622 1112 eos
642 1074 675 1112 ne
688 1059 878 1114 obliviscamur
897 1059 962 1129 legis
976 1060 1044 1115 tuae?
1057 1058 1110 1115 Sed
1123 1059 1166 1115 bic

376 1149 407 1204 de
421 1150 537 1205 inimicis
549 1151 605 1206 suis
625 1151 700 1206 dixit.
715 1151 782 1221 Quid
802 1151 881 1223 erga?
903 1151 1001 1208 lnimici
1014 1152 1072 1222 ejus
1084 1154 1166 1223 sequi·

375 1251 456 1297 tatem
478 1243 640 1312 operamur?
659 1242 686 1300 Si
711 1244 754 1314 qui
776 1244 800 1298 ei
823 1243 992 1298 inimicamur
1013 1245 1164 1314 aquintum

375 1343 521 1404 operantur
531 1351 538 1400 ;
550 1350 613 1406 ergo
626 1335 682 1405 ipse
702 1335 865 1406 iniquitatem
879 1345 1014 1403 aperitur.
1030 1334 1082 1392 Sed
1103 1336 1164 1405 qaia

373 1426 432 1495 'lpse
448 1428 597 1498 aequitatem
619 1438 753 1497 operatur,
775 1442 854 1497 porro
866 1428 910 1497 qni
934 1429 1084 1498 equitatem
1098 1443 1163 1498 ape·

354 1572 360 1579 ,
376 1527 458 1582 ratur,
474 1516 593 1592 prolecto
605 1518 768 1588 iniqiiititem
782 1518 815 1572 ab
825 1517 938 1572 inimicis
952 1520 1067 1588 patitur;
1082 1528 1165 1580 restat

374 1616 402 1662 ιιι
414 1611 458 1679 qni
467 1610 539 1678 justa
553 1608 730 1673 inimicantur,
745 1609 909 1678 iniquitatem
920 1620 1072 1679 operentur.
1087 1609 1165 1667 Unde

374 1718 439 1775 orgo
450 1704 529 1773 paulo
542 1702 675 1773 superius,
692 1700 752 1757 Nou
764 1704 904 1783 miserearis
921 1704 1031 1756 omnium
1048 1704 1090 1771 qni
1102 1720 1164 1773 ope-

373 1806 463 1849 rantur
477 1796 647 1865 iniqin'tateni3
662 1806 688 1849 et
702 1811 772 1850 nunc
786 1795 819 1850 de
835 1796 948 1849 inimicis
961 1796 1026 1860 suis,
1044 1794 1085 1850 Νι
1096 1797 1164 1850 arci·

373 1886 440 1940 deris
452 1903 503 1950 eos,
518 1887 649 1957 nequando
668 1885 856 1940 oblicircantar'
867 1887 927 1956 leqis
939 1886 1008 1940 rna?
1025 1885 1082 1941 Nan
1101 1903 1165 1957 crgo

373 1979 524 2035 miserearis
535 1993 638 2042 eorum,
651 1988 678 2032 ut
691 1978 796 2033 occidas
807 1988 914 2048 peccata
927 1994 1018 2032 earum
1032 1996 1038 2030 ε
1054 1995 1106 2034 non
1117 1994 1164 2034 oc·

373 2071 448 2126 cidus
469 2086 525 2135 eas,
549 2086 660 2140 querum
678 2078 785 2141 peecata
807 2070 915 2136 occidis.
933 2069 1001 2136 outa
1021 2079 1062 2125 est
1076 2078 1164 2125 autciu

373 2160 477 2217 incidit
490 2160 614 2216 Oblivisci
627 2161 692 2231 legis
707 2160 820 2215 Domini.
837 2160 894 2230 lpsa
907 2171 947 2216 est
957 2177 1019 2216 uera
1037 2176 1120 2227 mors,
1137 2163 1163 2218 iii

372 2252 531 2323 priilunduni
541 2254 579 2309 ire
590 2253 689 2324 peccati
701 2269 709 2305 ε
721 2254 920 2322 potestquiileui
929 2253 979 2308 lioe
989 2263 1016 2311 ιι
1027 2252 1165 2309 deludaeis

372 2346 493 2416 intelligi.
505 2343 572 2411 Quid
587 2344 620 2400 de
634 2344 748 2410 ludieiS,
765 2343 805 2398 Νι
820 2345 938 2400 accideris
958 2362 1016 2411 eas,
1031 2347 1164 2417 nequando

370 2435 1110 2509 obliviscanturleqistnoellstosiniuiicosmeos,ipsosqiii
1120 2453 1164 2495 iiie

370 2524 537 2593 oeciderunt,
551 2526 604 2580 noli
619 2534 646 2580 tu
658 2526 790 2580 accidere.
803 2525 905 2579 llaiieat
916 2540 980 2596 gens
991 2525 1141 2582 ludaeorum
1153 2544 1162 2587 ς

370 2628 446 2673 rente
455 2620 521 2672 vieti
535 2626 596 2672 esta
610 2617 747 2681 lliinianis,
763 2626 834 2672 certe
847 2617 933 2673 deleta
946 2618 1039 2673 ciuitas
1050 2635 1162 2687 eorum;

369 2723 422 2763 nou
431 2708 645 2763 admittamurad
656 2709 790 2763 ciuitatem
801 2709 978 2775 suamludaei,
988 2719 1015 2765 ιι
1024 2720 1110 2765 tamen
1118 2712 1163 2766 Ju-

369 2797 419 2854 dei
434 2807 505 2853 suat.
517 2798 583 2853 Nam
597 2813 690 2852 omues
704 2799 762 2853 iste
777 2800 947 2870 provinciana
962 2800 1089 2855 llomauis
1101 2803 1165 2856 suli-

368 2891 466 2962 jugatte
477 2899 548 2947 sum.
561 2892 624 2957 Quis
636 2891 689 2960 jain
700 2892 837 2962 cognoscit
847 2903 939 2963 gentes
953 2894 979 2946 iii
990 2893 1101 2962 imperia
1110 2894 1165 2948 llo·

370 2997 454 3038 inuito
467 2997 527 3053 quse
546 2981 608 3051 quid
624 2991 709 3046 erant,
727 2981 833 3051 quando
856 2997 948 3037 omnes
970 2982 1083 3038 Romani
1102 2984 1162 3040 lacti

368 3083 432 3128 sunt
446 3074 466 3139 ¹,
479 3083 507 3129 ιι
521 3088 615 3128 omues
628 3073 741 3127 Romani
755 3072 988 3129 uieuiiarttailaet
1002 3082 1091 3129 tamea
1104 3091 1161 3129 uia·

367 3174 433 3219 nent
446 3180 506 3219 euni
522 3164 617 3235 signa;
641 3179 690 3218 nce
713 3163 751 3218 sic
770 3164 830 3218 uicti
852 3173 930 3229 snut,
945 3173 1002 3219 uta
1017 3165 1162 3220 uictoribus

367 3255 585 3312 absorberemur.
599 3256 657 3312 Non
679 3256 736 3311 siue
749 3270 827 3312 caiisa
841 3255 906 3311 Cain
923 3257 967 3312 ille
979 3266 1027 3323 est,
1043 3258 1087 3327 qui
1101 3273 1160 3314 cnm

367 3350 478 3406 fratrem
491 3349 641 3416 occidisset,
658 3349 744 3419 posuit
759 3349 784 3403 iii
804 3362 837 3403 ιο
852 3350 921 3403 oeus
934 3350 1049 3421 siguum,
1060 3351 1161 3421 nequis

366 3458 427 3498 euru
441 3419 575 3498 occideret
588 3440 665 3511 (Gen.
676 3456 712 3508 ir,
723 3440 780 3512 lli).
795 3440 850 3496 llae
861 3449 902 3496 est
915 3441 1017 3511 siguum
1029 3441 1099 3513 quad
1112 3442 1159 3496 ba-

365 3535 431 3591 lieut
445 3534 528 3591 iudai
545 3553 552 3591 z
569 3543 660 3590 tenent
683 3534 793 3589 omnino
806 3534 930 3603 reliquias
944 3534 1010 3605 legis
1023 3549 1078 3589 siin
1089 3551 1096 3597 ;
1109 3536 1161 3589 cir·

364 3626 569 3696 eumciduutur,
591 3628 697 3683 sabbata
720 3628 872 3693 abscisam,
895 3628 991 3697 paselia
1011 3622 1164 3696 immolant,¹

346 3720 460 3793 'asyma
482 3719 634 3775 comedunt.
649 3719 716 3774 Siiut
730 3734 793 3790 crgo
807 3719 901 3783 lnilaei,
917 3734 968 3773 nan
990 3727 1052 3773 sum
1067 3719 1157 3783 occisi,

365 3805 510 3866 inessent
533 3820 596 3865 sunt
613 3810 781 3867 credemibus
796 3810 934 3867 Gentibus.
947 3811 1034 3880 Quare
1047 3811 1117 3867 liae?
1127 3811 1161 3868 llt

365 3901 533 3956 demonstret
555 3901 631 3956 uobis
651 3900 677 3954 iu
703 3901 817 3955 inimicis
837 3901 936 3956 uostris
952 3901 1159 3958 inisericordiam

365 4005 453 4046 suam.
474 3990 544 4046 Deus
564 4008 634 4046 mens
650 3992 827 4046 demonstravit
847 3994 909 4046 inilii
921 3993 947 4046 in
968 3994 1075 4049 iniiiricis
1088 3996 1158 4048 aias.

366 4081 395 4138 lu
421 4083 504 4138 ramis
528 4083 652 4152 superbia
680 4084 796 4153 praecisis
822 4084 921 4139 inserta
950 4086 1158 4141 miscricordiam

365 4187 442 4228 suain
461 4173 626 4229 demonstrat
646 4174 771 4230 oleastro.
795 4175 863 4230 Ecce
887 4175 930 4229 ubi
950 4176 1041 4244 jacent
1053 4177 1097 4248 qui
1112 4193 1158 4232 su·

366 4264 442 4336 perbi
460 4272 546 4336 erant,
561 4280 623 4320 ecee
635 4265 679 4319 ubi
702 4266 816 4320 insertus
838 4281 868 4321 cs
882 4267 925 4336 qui
945 4266 1052 4336 jacebas
1069 4286 1075 4321 :
1092 4277 1119 4322 et
1132 4280 1159 4323 ιιι

366 4353 421 4409 uoli
449 4355 602 4425 superbire,
628 4369 663 4409 iic
684 4354 790 4423 praecidi
810 4355 946 4410 iiierearis.
985 4355 1054 4410 Dras
1078 4374 1158 4428 mens,

366 4463 399 4501 rie
408 4446 529 4501 accideris
540 4463 592 4512 eas,
606 4446 737 4516 nequando
751 4445 930 4500 obliviscantur
940 4447 1075 4524 leqistna.

402 4537 449 4593 22.
461 4536 582 4609 disperqe
591 4554 631 4591 eas
644 4538 671 4590 in
681 4538 772 4590 virture
785 4546 837 4590 taa.
853 4536 910 4591 liiii
924 4537 1021 4592 laetum
1035 4547 1076 4593 est
1090 4556 1097 4592 :
1113 4554 1159 4607 per

366 4646 462 4686 omnes
476 4640 567 4701 gemes
581 4630 693 4701 dispcrsi
709 4639 770 4684 sum
793 4628 889 4693 ludaei,
913 4638 994 4684 testes
1015 4629 1159 4700 iiiiquitatls

366 4739 422 4778 sose
435 4732 463 4778 et
479 4723 597 4777 veritatis
617 4732 725 4777 nostrae.
745 4721 799 4791 ipsi
813 4721 913 4776 babent
924 4721 1040 4787 codices,
1054 4723 1087 4777 dc
1099 4723 1159 4791 qui-

366 4813 417 4870 bus
430 4813 604 4886 prophetatas
617 4825 656 4867 est
669 4814 801 4879 Christus
826 4823 854 4869 et
876 4827 925 4867 nos
945 4823 1065 4869 tenemus
1081 4814 1159 4869 Clui-

367 4913 449 4960 stum.
465 4903 499 4960 tti
513 4905 534 4960 sl
548 4904 653 4974 quaudo
668 4903 734 4959 lacte
746 4905 842 4974 aliquis
851 4902 974 4976 'paganus
987 4904 1157 4972 dubitaverit,

366 5011 427 5052 cum
442 4996 466 5051 ei
478 4995 624 5051 dixerimus
642 4995 793 5066 prophetias
805 4995 839 5051 de
852 4995 969 5065 Christo,
982 5013 1093 5067 quarum
1104 4999 1159 5054 eri-

367 5085 484 5143 demiaui
503 5085 685 5156 obstupescit,
698 5096 725 5140 et
748 5086 883 5142 admirans
905 5089 1064 5157 putarerita
1083 5089 1159 5145 nobis

367 5193 428 5235 esse
449 5178 628 5248 conscriptam
644 5179 678 5234 de
692 5179 828 5236 codicibus
844 5180 996 5236 ludaeorum
1016 5183 1159 5253 probamus

366 5273 427 5342 quia
444 5270 495 5325 liae
515 5280 588 5325 tauto
607 5282 668 5326 ame
684 5273 836 5342 praedictum
852 5281 902 5327 est.
919 5272 1012 5328 Videte
1034 5276 1161 5345 quemad·

367 5362 475 5417 nimian
489 5363 524 5415 de
546 5361 659 5416 inimicis
675 5363 772 5416 uostris
786 5363 853 5417 alias
865 5359 1060 5418 ciiiilundiuius'
1072 5365 1160 5421 iuimi-

345 5465 350 5473 ·
367 5451 560 5524 cas.·llisperqe
574 5470 616 5508 eas
636 5455 662 5507 in
681 5455 774 5508 rirtnte
792 5464 834 5507 tna
850 5471 859 5509 .·
874 5456 937 5511 tolle
958 5457 1010 5512 illis
1024 5458 1158 5527 virtutem,

367 5546 431 5601 tullo
448 5545 502 5600 illis
513 5544 691 5600 lentitudinem
704 5560 807 5600 carnin.
821 5544 853 5600 Et
873 5547 953 5602 deduc
969 5565 1019 5615 eas,
1036 5560 1159 5620 protecter

369 5635 566 5691 minuamini.
584 5636 681 5691 Delicta
702 5636 753 5689 aris
766 5653 862 5704 eoram,
885 5656 1022 5694 samonem
1036 5641 1159 5699 atinam

369 5745 455 5782 emam
466 5745 477 5782 .·
490 5738 513 5781 et
524 5727 768 5800 commedendaatiir
780 5728 805 5781 iii
821 5729 936 5796 supatru
948 5748 1003 5786 sna.
1016 5731 1048 5785 Et
1058 5749 1090 5787 er
1103 5749 1159 5787 ma·

369 5806 459 5874 dedicta
474 5830 498 5875 et
512 5820 643 5874 mendacia
659 5818 873 5872 eiiiiantiabniitar
886 5824 1158 5891 mirantimiranti

401 5953 409 5982 ¹
427 5951 502 6001 edd:
513 5950 626 6012 priimam
635 5964 681 6000 nan
692 5959 810 6013 canaescet
829 5959 910 6016 quites
925 5953 1042 6016 mbiectm
1059 5955 1159 6022 irnperio

371 6014 494 6063 dannaia?
511 6022 568 6073 Ottoe
579 6011 676 6076 qnidam
692 6019 760 6062 eram
775 6014 871 6075 qnando
889 6029 969 6066 ornnes
986 6019 1082 6069 uontmir‘
1101 6021 1159 6084 sarri

368 6080 432 6123 siut
445 6077 600 6126 aestuamus
610 6083 722 6126 veterem
741 6075 868 6128 lectionem
881 6084 933 6129 tlss.
945 6079 1030 6130 waler
1043 6078 1108 6134 litiae
1122 6083 1158 6132 lo-

368 6145 425 6185 euui
434 6136 464 6186 ad
475 6140 556 6187 tana.
567 6136 626 6187 usal.
638 6135 679 6198 39,
690 6150 714 6185 a.
728 6136 766 6187 lo.

928 670 1123 726 susuusuo
1141 670 1175 727 ΙΝ
1194 671 1354 732 Ρὸιῐιιιϋιι
1374 676 1462 736 tutu.

1954 696 2007 757 iod

1218 786 1496 861 iracoasnmrnati'anis,
1512 805 1535 848 et
1552 813 1602 852 nou
1615 809 1696 856 erant.
1718 801 1835 863 obscura
1850 818 1921 879 suut,
1933 823 1958 868 et
1975 816 2008 869 ti·

1218 892 1278 932 meo
1292 895 1325 934 ne
1340 897 1392 935 nou
1405 882 1571 942 insinuentur
1584 887 1660 944 bene.
1683 891 1742 947 lam
1761 896 1892 953 audiendo
1906 900 2006 973 latigaii

1217 970 1303 1025 estis:
1323 971 1410 1042 itaque
1429 975 1453 1028 si
1473 976 1558 1042 placet
1572 980 1697 1039 ebaittii‘i
1712 985 1823 1054 llestrae,
1834 1005 1892 1061 que
1906 1002 2008 1050 resciat
2052 994 2056 1005 '

1218 1057 1243 1112 iii
1259 1062 1403 1117 erastinum
1427 1064 1590 1125 differamus.
1606 1072 1746 1142 adjuvabit
1760 1078 1899 1149 libaninis,
1914 1092 1941 1137 ut
1956 1098 2007 1138 vo·

1217 1149 1258 1204 bis
1272 1151 1388 1208 debitum
1402 1157 1600 1228 persolvamus3
1613 1164 1673 1233 quia
1687 1163 1720 1221 de
1731 1167 1775 1223 illo
1785 1171 1869 1241 iringis
1880 1187 1958 1243 quam
1973 1172 2007 1231 do

1217 1242 1295 1297 uobis
1305 1246 1493 1314 promittimus.

1548 1382 1633 1425 ssuiro
1648 1386 1676 1424 u.

1370 1472 1409 1529 De
1418 1476 1529 1531 secunda
1541 1488 1612 1548 parte
1624 1482 1738 1551 ejusdem
1753 1483 1862 1542 ratas.

1251 1582 1279 1640 l.
1294 1583 1440 1644 llestermis
1463 1604 1551 1646 serino
1565 1601 1723 1662 protractas,
1748 1599 1894 1659 debitorem
1913 1621 1955 1662 mc
1978 1608 2004 1667 iu

1217 1674 1374 1733 liodiernum
1389 1681 1517 1752 reliquit:
1535 1685 1596 1755 quia
1611 1702 1674 1758 ergo
1688 1690 1815 1748 Dominus
1835 1698 1928 1766 uoluit,
1942 1701 2004 1756 red·

1216 1768 1296 1825 deiidi
1309 1779 1416 1843 tempus
1426 1774 1542 1831 advenit.
1564 1778 1650 1848 Quam
1667 1798 1731 1837 nero
1749 1801 1840 1843 suiuus
1854 1805 1903 1845 nas
1916 1792 2005 1850 deuoti

1215 1863 1403 1927 redhibitores.
1417 1875 1469 1921 tam
1482 1867 1585 1925 debetis
1606 1888 1655 1929 vos
1677 1890 1737 1932 esse
1757 1879 1827 1934 aridi
1840 1893 1979 1940 exactores
1993 1902 2002 1941 ε

1217 1950 1266 2007 linc
1286 1963 1337 2021 cst,
1354 1963 1382 2011 ut
1404 1958 1475 2028 quod
1500 1961 1544 2017 ille
1564 1962 1654 2031 donat,
1677 1976 1773 2024 etuas
1793 1971 1927 2030 reddimus
1940 1976 2005 2048 (illa

1216 2046 1286 2099 enim
1301 2047 1436 2115 Dominus,
1452 2067 1500 2108 iios
1513 2056 1582 2110 serii
1596 2060 1708 2129 sumus),
1720 2060 1759 2115 sic
1772 2065 1918 2135 accipiatis,
1928 2079 1956 2122 ut
1969 2069 2005 2125 sit

1216 2134 1318 2193 lruetus
1341 2140 1367 2195 iii
1390 2142 1525 2203 auditione
1545 2156 1632 2218 nestra
1659 2150 1693 2206 de
1718 2153 1770 2207 rita
1789 2167 1886 2211 uestra.
1911 2157 2004 2215 Cultus

1216 2230 1287 2283 enini
1300 2246 1363 2302 ager
1376 2233 1490 2291 linctum
1506 2254 1559 2295 uon
1572 2241 1695 2308 reddens,
1707 2254 1734 2300 et
1751 2245 1869 2317 ingratus
1880 2251 2004 2321 agricolai

1216 2336 1264 2391 pru
1276 2322 1395 2394 frugibus
1410 2327 1498 2398 spinas
1509 2329 1633 2401 aderens,
1645 2350 1697 2389 nau
1709 2335 1843 2404 borreum,
1857 2342 1903 2396 sed
1914 2344 2003 2412 ignem
2071 2352 2072 2356 ’

1215 2417 1321 2484 quaerit,
1346 2418 1472 2475 liiiminus
1491 2431 1579 2479 auteai
1604 2426 1674 2483 licus
1693 2441 1793 2500 noster,
1807 2433 1875 2490 sieut
1888 2451 1948 2491 eum
1961 2437 2003 2493 ni·

1215 2506 1285 2563 detis
1306 2509 1374 2566 liane
1389 2520 1486 2569 terrain
1502 2518 1609 2575 uisitare
1629 2521 1757 2579 imbribus
1774 2527 1945 2595 solemnibus,
1967 2531 2003 2587 ita

1214 2612 1263 2653 cnr
1276 2611 1395 2657 nostruin
1410 2606 1490 2661 uerbo
1503 2622 1552 2663 suo
1563 2619 1686 2683 tauquam
1696 2630 1787 2686 agrum
1801 2633 1878 2673 sanni
1894 2621 2005 2683 uisitare

1214 2686 1352 2758 dignatum
1368 2702 1395 2747 at
1407 2692 1530 2751 discorde
1544 2709 1635 2755 nostro
1649 2701 1749 2759 lructus
1766 2709 1869 2776 querit,
1879 2712 1939 2781 quia
1953 2728 2002 2768 no·
2018 2731 2022 2749 0

1214 2782 1251 2835 nit
1262 2785 1359 2853 etquid
1374 2787 1408 2841 ilii
1420 2791 1543 2856 seminet,
1557 2801 1584 2848 et
1596 2805 1722 2864 quamam
1737 2801 1818 2868 pluat.
1836 2802 1869 2856 Et
1885 2805 1943 2874 quia
1958 2822 2002 2862 re·

1215 2887 1276 2929 uera
1292 2876 1356 2931 iiiliil
1367 2879 1424 2938 siue
1438 2881 1482 2936 illo
1496 2899 1598 2951 suiuus,
1609 2887 1670 2957 quia
1684 2897 1711 2944 et
1721 2901 1860 2962 aiiteqnam
1870 2910 2001 2966 essemus,

1214 2966 1280 3047 niliil
1294 2984 1410 3038 eramus,
1426 2985 1453 3027 ιι
1467 2974 1585 3043 quisquis
1597 2976 1651 3048 jain
1673 2978 1753 3035 liamo
1775 2992 1816 3037 est
1837 2993 1864 3039 ct
1880 2986 1938 3040 sine
1956 2987 2003 3044 illo

1213 3072 1274 3113 esse
1288 3061 1408 3128 voluerit,
1433 3063 1496 3118 nibil
1519 3066 1589 3121 aliud
1605 3084 1683 3137 quain
1705 3069 1784 3126 lionia
1798 3079 2002 3145 percuterent,

1214 3162 1357 3221 verumque
1369 3162 1410 3207 cst
1422 3155 1491 3224 qnod
1505 3155 1548 3211 liic
1557 3157 1656 3213 dietum
1664 3171 1718 3227 est,
1728 3161 1913 3220 Fortitudinem
1920 3185 2002 3224 nieaiir

1212 3242 1247 3295 ad
1260 3254 1282 3297 re
1295 3245 1444 3313 einstadi'am,
1467 3250 1591 3318 quoniam
1610 3252 1736 3324 quidquid
1763 3271 1924 3327 possumus,
1950 3262 2000 3318 nisi

1212 3333 1282 3403 apud
1297 3334 1368 3389 illuni
1390 3348 1417 3391 et
1435 3338 1468 3392 ad
1484 3341 1556 3395 illuni
1572 3357 1718 3410 servemus,
1742 3350 1890 3404 recedendo
1902 3353 2001 3407 aiiiitti·

1212 3439 1272 3478 mus
1287 3442 1293 3477 :
1310 3425 1416 3497 uigilare
1430 3427 1510 3485 debet
1522 3446 1628 3502 semper
1642 3449 1718 3491 mens
1732 3446 1822 3493 nostra
1837 3454 1889 3495 non
1909 3442 1942 3497 ab
1956 3443 2001 3498 illa

1210 3517 1345 3584 recedere,
1363 3520 1409 3575 sed
1430 3532 1456 3576 ιι
1471 3523 1493 3577 si
1506 3518 1584 3595 longe
1604 3536 1672 3591 erat,
1687 3530 1772 3600 magis
1788 3534 1922 3604 magisque
1938 3552 2000 3606 pro·

1211 3612 1340 3682 pinqiiare
1358 3623 1385 3668 ιι
1398 3616 1542 3682 accedere;
1568 3634 1620 3672 naii
1644 3635 1736 3690 gressu
1752 3624 1859 3694 peduiii,
1873 3631 2001 3685 nousub«

1213 3705 1334 3759 ieeiiaue
1347 3706 1539 3776 vehiculorum,
1555 3725 1608 3765 nou
1622 3713 1757 3770 celeritate
1769 3717 1932 3787 aiiiiualium,
1946 3738 1999 3780 nort

1211 3793 1359 3851 elevatione
1374 3813 1531 3868 pennarum,
1545 3802 1592 3857 scil
1609 3805 1722 3870 puritate
1734 3806 1888 3876 affectuum,
1902 3821 1929 3866 et
1942 3829 2000 3884 pro·

1211 3886 1312 3942 bitate¹
1327 3899 1480 3946 sauctorum
1497 3897 1608 3948 murum.
2051 3942 2053 3947 .

1245 3977 1273 4030 2.
1285 3976 1359 4051 [aere.
1374 3980 1479 4054 lull]
1496 3982 1637 4040 Videamus
1650 4002 1714 4058 ergo
1727 3990 1791 4061 quid
1802 4001 1886 4049 restat
1903 3993 1938 4050 de
1948 3995 1999 4052 boe

1210 4073 1323 4142 psalmo.
1343 4071 1371 4127 ln
1390 4074 1441 4131 lioc
1455 4075 1526 4131 enini
1542 4077 1737 4147 dimiseramus,
1750 4097 1810 4140 euin
1830 4087 1954 4156 ooepisset
1965 4089 2002 4144 de

1211 4164 1391 4222 iiiiaiicissuis
1403 4167 1475 4238 loqui
1489 4169 1580 4226 diceus
1595 4172 1649 4227 lieo
1664 4191 1671 4227 z
1688 4173 1731 4230 Νι
1749 4178 1868 4234 acauno
1885 4197 1937 4248 eor,
1956 4199 2000 4237 ne·

1210 4257 1311 4329 qnando
1323 4260 1500 4315 oblibiscantur
1514 4262 1576 4335 leqir
1589 4275 1648 4322 trra.
1667 4267 1792 4336 Quamvis
1811 4287 1857 4329 eos
1877 4274 1999 4334 iuimicus

1210 4364 1274 4404 suos
1288 4364 1347 4407 esse
1369 4351 1476 4419 dixerit,
1496 4355 1600 4426 rogarit
1622 4366 1709 4415 tamen
1734 4361 1816 4418 beura
1841 4381 1874 4420 ne
1893 4368 1998 4425 oecide-

1211 4449 1304 4496 rentnr
1315 4453 1342 4497 et
1354 4443 1575 4502 oblivisceremur
1584 4448 1669 4520 legem
1682 4450 1774 4522 ipsius.
1784 4454 1843 4512 Nou
1855 4465 1942 4514 amen
1957 4471 1999 4516 te·

1211 4548 1275 4588 nere
1286 4534 1381 4605 legem.
1396 4535 1422 4590 id
1436 4546 1477 4592 est
1498 4553 1550 4594 aon
1564 4540 1682 4599 oblivisci
1696 4545 1790 4616 legem,
1802 4546 1856 4617 jam
1872 4552 1998 4618 perlectio

1210 4634 1261 4685 est.
1275 4633 1302 4678 et
1314 4627 1389 4696 quasi
1404 4630 1532 4685 securitas
1546 4631 1580 4687 de
1594 4635 1712 4702 praemio,
1725 4644 1753 4692 et
1765 4638 1834 4693 nulla
1848 4642 2010 4698 sollieitnilii,

1210 4711 1244 4768 de
1257 4715 1395 4785 supplicio.
1410 4713 1477 4773 Sum
1498 4721 1568 4775 enim
1589 4723 1633 4792 qni
1649 4732 1740 4781 teuent
1753 4728 1838 4798 legcui
1858 4735 1995 4799 memoria,

1210 4814 1237 4859 et
1247 4820 1300 4860 noa
1310 4808 1421 4877 implent
1434 4808 1486 4864 rita
1502 4828 1509 4865 :
1523 4812 1567 4882 qui
1582 4828 1647 4868 vero
1660 4815 1770 4887 implent
1781 4819 1845 4887 rita,
1859 4838 1912 4876 ann
1933 4839 1996 4892 pos-

1210 4907 1272 4953 sum
1290 4914 1342 4953 nou
1358 4909 1448 4956 tenere
1463 4904 1599 4960 memoria.
1615 4906 1686 4978 Ergo
1702 4909 1746 4978 qui
1767 4911 1885 4967 moribus
1898 4927 1998 4982 praece·

1210 4999 1254 5060 pta
1278 4991 1323 5046 liei
1347 4992 1420 5068 lacit,
1433 5002 1459 5049 et
1473 4994 1586 5065 quodam
1606 4998 1685 5053 modo
1705 4999 1828 5065 virendo,
1842 5018 1949 5076 semper
1968 5008 1996 5065 in
2045 4999 2046 5002 ’

1210 5080 1291 5136 carde
1304 5096 1353 5137 suo
1368 5098 1402 5138 no
1415 5083 1533 5141 deleatur
1547 5088 1599 5158 agit
1612 5088 1683 5156 quad
1697 5098 1778 5160 tenet,
1792 5093 1957 5168 vivendoque
1966 5113 1997 5157 se

1211 5172 1221 5203 ¹
1233 5175 1423 5229 commemorat
1435 5176 1497 5246 quid
1511 5177 1535 5232 ei
1556 5177 1583 5233 iii
1594 5177 1675 5234 eorde
1689 5183 1816 5252 seriptum
1837 5186 1872 5241 slt
1884 5188 1918 5246 de
1936 5191 1997 5262 lege

1210 5261 1268 5327 oet,
1283 5263 1339 5333 ipse
1349 5263 1481 5323 lnietuose
1493 5277 1565 5324 tenet
1575 5268 1658 5340 legem
1670 5271 1715 5327 Dei
1725 5289 1733 5339 ;
1743 5274 1799 5344 ipse
1811 5292 1864 5335 nori
1874 5281 1997 5341 inimicus

1210 5352 1389 5423 deputabitur.
1402 5355 1469 5411 Nara
1484 5373 1547 5413 ecee
1568 5359 1668 5417 inirnlcl
1689 5363 1784 5435 ludoel,
1806 5384 1872 5439 quos
1893 5372 1997 5431 ridetur

1210 5444 1359 5515 significare
1373 5447 1488 5515 psalmus
1506 5448 1567 5511 istc,
1580 5450 1663 5522 legem
1679 5453 1725 5510 liei
1740 5466 1839 5529 teuent,
1854 5470 1882 5518 ιι
1892 5463 1953 5521 ideo
1963 5465 1997 5523 de

1210 5535 1263 5590 illis
1278 5537 1375 5591 dictum
1388 5546 1438 5601 est,
1454 5537 1498 5592 Ne·
1508 5542 1628 5597 accideris
1641 5560 1691 5610 ear,
1703 5551 1835 5620 nequando
1847 5553 1996 5612 ιιιιιιιιιαιι-

1211 5637 1251 5681 tur
1268 5626 1329 5700 leqis
1346 5637 1414 5693 taa,·
1429 5639 1457 5685 ut
1470 5645 1535 5701 gaas
1547 5632 1699 5692 tidaoiain
1712 5653 1842 5710 maneret,
1856 5654 1884 5702 ιι
1896 5662 1926 5703 ιι
1939 5662 1997 5703 uia-

1210 5726 1291 5774 neme
1302 5728 1437 5775 creseeret
1449 5721 1590 5779 multitudo
1603 5724 1823 5788 Christianorum.
1840 5734 1891 5792 Per
1903 5753 1996 5793 annues

1210 5819 1303 5882 gentes
1325 5822 1432 5869 manem
1446 5826 1527 5882 certe,
1542 5826 1568 5872 et
1583 5818 1667 5876 ludaei
1687 5815 1758 5891 siim',
1780 5842 1828 5883 ricc
1840 5829 1997 5888 destiterunt

1210 5916 1271 5980 esse
1288 5903 1359 5974 quiid
1372 5914 1449 5959 eiam
1464 5923 1470 5962 :
1494 5906 1519 5961 id
1534 5918 1583 5976 est,
1606 5924 1672 5981 gens
1693 5914 1742 5969 ista
1763 5931 1815 5971 non
1830 5917 1865 5972 ita
1878 5919 1958 5974 cessit
1970 5920 1995 5977 iii

1243 6086 1252 6114 ¹
1271 6087 1303 6130 tta
1315 6093 1359 6131 sex
1369 6087 1422 6131 tiss.
1435 6079 1477 6131 tilii
1489 6082 1619 6143 madrid,
1632 6084 1803 6145 ρτιιαιίιιιιιι.

1243 6146 1254 6176 ¹
1270 6151 1306 6193 sie
1316 6151 1368 6193 uss.
1381 6151 1407 6193 tit
1416 6143 1482 6206 cdd..
1493 6143 1637 6209 tineadoqae
1647 6159 1740 6263 &isuper
1754 6157 1941 6197 contineremur.
