5025 6925
454 679 523 749 nsl'

454 822 534 878 quarn
548 806 576 861 in
588 803 781 862 resurrectione
800 800 936 873 promisit:
951 798 1000 854 ista
1024 812 1087 853 sero
1098 792 1236 851 scriniaria

454 908 482 953 et
496 895 648 967 temporalia
663 893 695 949 sd
708 894 845 949 daemones
860 890 1010 961 pertinent,
1028 897 1056 944 es
1069 887 1102 944 ad
1122 882 1240 959 potesta·

454 1000 495 1045 tce
512 988 569 1043 illas
584 985 676 1039 harum
697 983 878 1040 tenebrarum.
903 979 1019 1036 Dicendo
1037 972 1111 1043 iniec,
1134 976 1241 1046 qrsando

453 1093 546 1150 sapore
563 1077 732 1146 implicantur
742 1074 836 1129 irarum
851 1088 960 1134 rerum,
977 1070 1114 1125 dimittunt
1130 1069 1239 1130 licum,

453 1170 528 1243 quasi
543 1170 576 1225 ad
586 1183 665 1240 quem
680 1167 730 1224 ista
745 1182 798 1222 non
817 1165 982 1236 pertineant3
997 1173 1025 1219 et
1043 1170 1165 1233 quaerunt
1189 1174 1240 1216 nc-

452 1259 539 1315 iandis
562 1256 715 1323 sacrillciis,
735 1271 767 1312 ac
786 1255 877 1311 nsescio
902 1254 1000 1326 quibus
1024 1251 1168 1317 remediis,
1194 1258 1240 1305 ant

453 1353 544 1407 rscseio
558 1366 609 1422 qua
624 1349 762 1405 bominum
785 1347 874 1404 illicita
890 1345 1077 1417 persuasione,
1100 1342 1239 1414 prouidere

452 1442 502 1496 sibi
514 1441 584 1512 quod
601 1439 748 1511 temporale
758 1446 816 1502 est,
832 1436 913 1492 ueluti
934 1434 1090 1506 pecuinam,
1106 1446 1237 1499 uxorem,

454 1534 540 1600 titios,
555 1540 583 1588 et
594 1532 616 1587 si
630 1546 681 1603 qua
700 1538 762 1585 suut
779 1545 839 1600 qno
853 1528 993 1582 lmmmmm
1009 1525 1149 1579 rinmunt
1171 1537 1238 1577 con·

452 1625 573 1680 solantur
594 1632 795 1685 transeuntem,
812 1628 858 1674 aut
878 1618 1024 1688 impediunt
1047 1615 1237 1671 ansibulantem.

452 1715 552 1771 Contra
567 1712 805 1783 islamopinionem
819 1711 906 1767 dirlnn
919 1707 1086 1779 providentia
1101 1706 1236 1776 vigilante,

453 1817 481 1863 ut
495 1807 649 1863 ostenderet
662 1806 730 1860 bens
743 1803 777 1858 ad
791 1817 821 1858 se
837 1802 971 1873 portinere
990 1802 1041 1853 ista
1051 1797 1160 1865 orsinia,
1174 1806 1200 1853 et
1210 1797 1238 1851 in

452 1915 500 1954 sno
512 1913 573 1955 esse
589 1905 736 1969 potestate,
752 1909 804 1950 rron
818 1894 904 1949 solum
921 1899 1021 1947 eterna
1041 1904 1101 1960 quoe
1115 1888 1142 1943 in
1165 1887 1238 1943 lutu-

453 2008 513 2048 rum
527 1989 664 2061 promisit,
677 2003 769 2043 verum
783 1986 863 2042 etiarn
882 1981 1038 2054 temporalia
1050 1995 1110 2052 quae
1126 1979 1153 2034 in
1167 1986 1238 2036 terra

453 2082 499 2138 dat
510 2081 606 2152 quibus
620 2077 754 2143 rnlueiit,
770 2086 794 2132 et
816 2074 922 2146 qnando
941 2072 1054 2128 soluerit
1070 2079 1237 2142 opportune,

454 2175 542 2230 sciens
555 2174 599 2228 cui
617 2170 680 2238 det,
696 2169 740 2225 cui
758 2185 811 2225 non
823 2163 886 2235 det,
906 2176 1031 2236 tanquam
1047 2162 1165 2219 medicus
1181 2176 1238 2217 me·

452 2266 620 2328 dicameuta,
635 2263 723 2320 sciens
735 2260 832 2317 melius
845 2258 967 2315 morbum
977 2253 1069 2327 egroti
1080 2268 1159 2325 quem
1181 2253 1238 2323 ipse

454 2366 588 2430 mprobis:
604 2366 633 2412 ιιι
655 2370 720 2427 ergo
748 2355 818 2411 licus
838 2352 889 2407 boe
912 2348 1081 2413 ostenderet,
1103 2345 1238 2403 distribuit

453 2460 570 2520 tempora
586 2447 691 2504 leteris
702 2455 730 2501 et
742 2444 809 2501 iloni
836 2440 1011 2534 Teptarnenti.
1027 2440 1054 2495 ln
1072 2438 1161 2494 Veteri
1184 2436 1237 2493 Te-

454 2548 586 2595 sumento
599 2536 789 2607 promissiones
810 2541 874 2591 suns
895 2546 983 2588 rurum
999 2540 1181 2593 terrenarum
1210 2527 1237 2583 in

452 2631 526 2685 Novo
545 2638 651 2697 anilem,
680 2626 755 2698 regni
773 2626 913 2682 coelornm.
940 2621 1069 2692 Pleraque
1104 2628 1235 2691 praecepta

453 2723 537 2778 ὓειιιιι
549 2719 652 2777 colendi
665 2729 692 2774 et
712 2729 785 2775 recte
805 2716 928 2781 risendi,
949 2715 1004 2784 ipso
1026 2722 1087 2769 sunt
1104 2721 1131 2769 ct
1150 2711 1185 2767 ibi
1209 2719 1237 2768 el

452 2814 495 2870 bic
508 2832 515 2868 z
529 2813 575 2869 sed
590 2813 651 2884 quia
667 2809 808 2883 promissio
823 2808 860 2863 ibi
879 2807 930 2862 alia
951 2805 1075 2873 videtur,
1095 2804 1148 2859 alia
1168 2803 1235 2870 bie3

449 2907 567 2978 iubentis
580 2906 719 2976 imperium
732 2912 760 2961 ct
770 2899 920 2958 obedientia
928 2898 1070 2955 servientis
1080 2896 1172 2954 eadem
1182 2904 1235 2963 cst,

450 2998 497 3054 scd
513 3008 615 3052 merces
626 2995 701 3067 quasi
716 3010 768 3048 ιιιιιι
782 2999 824 3048 est
837 2991 939 3047 eadem.
953 2988 1054 3044 Etenim
1070 2987 1123 3043 illis
1136 2986 1235 3042 dictum

448 3072 509 3153 iss,
525 3100 555 3144 ιιι
565 3085 701 3157 accipiatis
716 3093 814 3140 terram
829 3080 1029 3153 promissionis,
1040 3088 1070 3133 ut
1087 3079 1113 3133 in
1132 3077 1175 3133 illa
1191 3091 1235 3132 re·

449 3182 553 3253 goeris,
569 3189 598 3235 ut
615 3178 738 3234 inimicos
751 3185 855 3233 vestros
867 3172 1015 3243 superetis,
1028 3180 1057 3227 nt
1075 3170 1164 3226 abeis
1183 3187 1234 3225 non

450 3270 645 3343 subjugemini,
659 3269 792 3323 ut'omnia
804 3266 879 3322 vobis
890 3264 1026 3320 abundent
1038 3264 1064 3317 in
1081 3262 1131 3317 bac
1142 3270 1211 3317 terra
1225 3301 1234 3328 ,

450 3376 480 3420 ut
490 3365 559 3419 lilios
571 3361 716 3433 procreetis
726 3357 823 3435 (Eruci.
839 3355 1041 3425 xxr11,25-bl).
1053 3353 1116 3409 lime
1129 3362 1234 3407 terrena

398 3525 401 3529 .
450 3454 579 3527 promissa
592 3457 671 3516 sunit,
692 3451 738 3507 sed
753 3458 841 3505 tamen
857 3446 978 3519 ligurata.
999 3444 1053 3500 Fac
1077 3444 1180 3514 aliquos
1194 3443 1235 3498 sic

370 3542 372 3547 ’
451 3549 494 3601 illa
508 3545 629 3616 accipere
643 3541 777 3614 quomodo
789 3537 919 3611 promissa
934 3544 996 3592 sunt
1012 3551 1019 3588 :
1035 3545 1061 3588 et
1081 3548 1145 3588 uere
1158 3532 1233 3587 nndti

448 3637 488 3692 sic
501 3642 670 3705 acceperunt.
684 3630 750 3687 Nam
763 3627 823 3685 dato
839 3636 879 3684 est
893 3636 962 3682 terra
978 3624 1039 3679 liliis
1052 3622 1150 3685 lsrael,
1166 3621 1234 3676 datm

448 3735 512 3782 srrnt
527 3725 642 3790 diuitiae,
664 3722 719 3777 dati
740 3728 802 3776 sunt
819 3719 864 3773 lilii
885 3726 913 3774 et
929 3716 1063 3772 sterilibus
1078 3724 1107 3770 et
1123 3714 1250 3769 aniculis,

449 3817 604 3889 roqnntibus
621 3815 722 3876 licum,
743 3819 771 3869 et
788 3810 821 3867 de
836 3809 895 3880 ipso
916 3809 974 3864 solo
993 3805 1232 3878 praesumentibus,

448 3918 476 3964 ct
489 3908 570 3962 alium
582 3905 631 3960 sibi
646 3903 795 3974 adjutorem
810 3914 860 3955 nec
871 3899 904 3954 ad
917 3898 966 3952 ista
980 3895 1170 3967 quaerentibus.
1184 3893 1235 3948 Vo-

448 4015 506 4057 ccm
521 3997 624 4053 lnuniui
639 3997 666 4051 in
684 3994 766 4052 corde
778 3992 940 4048 audierunt:
956 3988 1035 4045 Salus
1049 3998 1093 4042 lua
1107 4003 1152 4059 eqo
1167 4003 1233 4041 sum.

448 4092 477 4147 Si
490 4090 522 4146 ad
533 4098 733 4159 uterumquare
746 4100 798 4141 non
811 4083 845 4138 ad
860 4081 1034 4152 temporalia?
1047 4077 1170 4136 Ostendit
1183 4077 1235 4134 boc

449 4184 520 4239 bcus
532 4183 559 4237 in
572 4194 652 4236 causa
663 4179 712 4234 siri
728 4177 798 4232 illius
807 4174 891 4231 sancti
905 4172 957 4230 lolt
971 4190 979 4228 ι
994 4172 1055 4243 quia
1070 4170 1165 4241 etipse
1177 4169 1235 4224 dia·

352 4309 354 4313 <
449 4273 526 4329 bolus
537 4270 674 4326 aulcrendi
689 4270 746 4324 bace
759 4282 812 4323 sion
826 4265 905 4321 babet
918 4271 1094 4334 potestatem,
1112 4261 1162 4316 enisi
1173 4276 1233 4315 cum

449 4362 582 4431 acceperit
605 4375 746 4416 asumma
769 4358 814 4413 illa
839 4363 981 4428 potestate.
1003 4353 1124 4408 inridere
1149 4351 1235 4423 potnit

450 4468 560 4522 sarneio,
584 4468 681 4509 nocere
702 4450 828 4522 stumquid
855 4449 961 4521 potuit?
974 4449 1105 4502 bccrssnre
1126 4445 1233 4514 potnit,

449 4548 576 4604 damnare
600 4544 727 4615 rrurnqnid
754 4542 857 4612 potnisi
878 4538 1010 4611 Numquid
1030 4537 1113 4591 naluit
1134 4535 1233 4606 aliquid

450 4640 562 4703 tollere,
578 4635 704 4707 rrurnquid
720 4634 898 4704 relunguem,
913 4629 1040 4700 numquid
1054 4628 1098 4682 uel
1110 4626 1234 4697 capillum

449 4733 560 4794 ludere.
576 4730 626 4784 nisi
639 4729 692 4782 lieo
703 4727 820 4791 diceret,
833 4722 906 4777 ilitte
919 4739 1022 4776 monum
1034 4730 1103 4773 tuum
1120 4717 1180 4791 (lob
1207 4733 1233 4784 ι,

450 4823 517 4894 lli?
531 4822 598 4892 Quid
611 4829 673 4886 cst,
696 4816 723 4870 ii
726 4817 769 4870 itte
786 4830 888 4868 nronurn
901 4813 993 4866 tunm?
1007 4811 1044 4865 ua
1067 4816 1233 4878 potestatem.

448 4917 566 4986 nccepn.
582 4914 628 4969 llle
642 4909 771 4968 tentarit,
787 4905 831 4961 ille
848 4913 963 4960 tentatus
977 4912 1028 4956 est.
1051 4900 1179 4956 Tentatus
1193 4906 1234 4951 tn-

449 5022 510 5063 mcn
525 5006 597 5071 sicit,
612 5010 728 5057 tentator
741 4998 827 5051 victus
840 4982 890 5049 esi.
906 4992 975 5047 licus
987 4991 1058 5046 onim
1069 4990 1114 5060 qui
1128 4986 1234 5043 diabolo

451 5100 608 5170 permiserat
623 5104 652 5150 ut
666 5094 708 5148 illa
720 5090 842 5153 tolleret,
858 5087 931 5142 illurn
951 5097 1058 5139 serrum
1077 5070 1153 5136 souin
1168 5079 1234 5134 inte-

450 5192 506 5246 rius
518 5205 570 5244 non
584 5189 755 5248 deseruerat,
766 5180 834 5236 etad
854 5179 939 5250 ipsum
955 5173 1088 5231 diabolum
1102 5185 1235 5243 superan-

450 5283 513 5337 dum
525 5281 638 5336 animam
655 5277 724 5333 serni
745 5275 787 5330 sui
804 5272 931 5328 lrameam
954 5265 1005 5322 sibi
1023 5265 1130 5320 lecerat.
1145 5261 1235 5329 Quan-

394 5385 410 5442 ᾗ
452 5382 507 5428 tum
521 5370 592 5424 ualet
606 5367 675 5422 boel
689 5367 726 5421 lie
738 5363 847 5419 bomine
860 5361 921 5417 dico
931 5359 952 5411 ¹.
965 5356 1055 5412 Victus
1069 5354 1096 5408 in
1113 5351 1235 5422 paradiso

451 5462 526 5535 (lien.
545 5477 573 5518 ιιι
585 5504 592 5527 ,
604 5460 647 5529 b),
665 5460 748 5513 uictor
760 5456 786 5509 in
799 5465 927 5510 stercore.
941 5449 979 5506 lbi
992 5449 1079 5503 nictus
1092 5454 1134 5501 est
1147 5460 1163 5499 a
1175 5445 1234 5499 din·

451 5556 513 5612 berlo
523 5569 570 5625 per
584 5551 742 5613 mulierem,
758 5546 801 5601 bic
814 5545 876 5599 sicit
889 5541 1023 5597 diabolum
1042 5547 1069 5593 et
1083 5536 1233 5592 mulierem.

452 5645 551 5702 locuta
561 5659 604 5708 es,
629 5639 730 5710 iuquit,
746 5648 864 5703 tunquam
876 5649 926 5688 una
940 5647 972 5686 ee
989 5627 1162 5700 insipientibus
1176 5643 1234 5679 mu-

449 5736 561 5793 lieribus.
576 5733 606 5788 Si
619 5731 685 5786 bonu
705 5727 859 5799 percepimus
882 5722 915 5777 de
934 5737 1010 5775 uranu
1024 5718 1145 5785 Densini,
1166 5717 1235 5770 mals

450 5842 528 5901 quare
539 5820 764 5879 nensustirseomus
776 5812 835 5888 (sot
859 5829 896 5879 ιι,
916 5810 981 5884 {tbi
998 5810 1082 5879 Quam
1103 5809 1170 5865 bene
1183 5823 1233 5863 au-

450 5905 537 5992 dierat
550 5933 557 5969 ι
572 5914 648 5968 Solus
662 5923 707 5965 tuo
716 5922 825 5980 eperum
837 5905 848 5960 l

486 6010 513 6066 8.
526 6005 718 6080 confunduntur
732 6011 755 6056 et
774 6007 932 6054 revereantur
952 5996 1104 6066 requirentes
1122 5993 1233 6050 oninmsss

482 6127 492 6175 t
508 6130 563 6191 prpe
574 6119 656 6188 subs
669 6124 704 6181 ue
713 6112 806 6179 semu
816 6109 880 6176 diro,
888 6109 997 6161 sbsmsa
1007 6115 1059 6159 tiss.
1071 6107 1202 6174 plerisque.

1076 682 1105 741 S.
1126 680 1305 739 cucusum!
1325 684 1473 746 uniscunt

1293 814 1383 872 asenne.
1398 800 1509 871 llcspiee
1525 801 1558 857 ad
1577 802 1709 859 lsomincs.
1722 802 1814 866 Orate,
1835 804 1937 877 inquit,
1959 821 2008 874 pre
2023 806 2076 860 ini-

1294 890 1364 946 micis
1383 894 1468 946 resins
1485 892 1590 963 (bottis.
1604 905 1638 957 ι’,
1655 894 1711 965 ll).
1730 892 1782 948 Sed
1803 875 1847 949 liic
1861 893 2000 965 proplietia
2023 903 2079 951 est.

1294 979 1329 1036 Ει
1342 996 1400 1052 qum
1415 981 1497 1054 bgura
1516 983 1624 1053 optandi
1636 983 1777 1050 dicuntur,
1796 985 1885 1040 animo
1901 985 2082 1055 prophetandi

1293 1071 1468 1141 explicantur.
1484 1073 1549 1128 lllud
1566 1074 1610 1129 ilat
1637 1083 1664 1130 et
1687 1074 1750 1129 illud
1777 1074 1840 1140 ilat,
1859 1074 1924 1131 nibil
1938 1084 1992 1152 est⁵
2005 1075 2082 1133 alind

1292 1177 1371 1233 quam
1392 1163 1442 1221 boc
1455 1173 1483 1220 et
1513 1166 1563 1222 boc
1582 1165 1698 1222 initurum
1709 1175 1758 1222 cst.
1773 1167 1818 1223 Sic
1832 1182 1895 1238 erqo
1907 1166 1997 1224 audite
2014 1183 2078 1239 pro-

1292 1253 1408 1325 phetiam
1420 1273 1427 1310 ε
1441 1254 1635 1327 Gorssundontur
1648 1268 1671 1311 et
1681 1268 1839 1313 revereantur
1851 1258 2006 1329 requirentes
2018 1258 2079 1314 esi·

1291 1363 1359 1401 mens
1380 1363 1472 1403 means.
1487 1348 1554 1417 Quid
1575 1357 1632 1412 est.
1646 1348 1834 1419 confundemur
1854 1358 1877 1402 et
1894 1348 2080 1405 reserrentur?

1278 1437 1492 1495 ‚Cunlnndentur
1506 1449 1534 1495 et
1561 1440 1762 1496 reverebuntur.
1787 1440 1957 1496 monumen
1981 1439 2079 1497 enin:

1292 1530 1366 1586 multi
1379 1532 1521 1588 salubriter
1532 1532 1634 1588 eoniusi
1646 1541 1725 1593 sunt.
1742 1532 1816 1592 multi
1829 1532 1934 1588 reveriti
1954 1547 1969 1587 s
1982 1547 2081 1604 perse-

1290 1622 1397 1677 cutione
1409 1622 1510 1678 libristi
1530 1623 1563 1678 ad
1587 1625 1741 1680 societatem
1761 1624 1941 1680 nierirbrorum
1955 1625 2016 1695 rista
2029 1625 2081 1681 de-

1290 1720 1351 1767 rota
1366 1713 1464 1784 pietate
1478 1714 1639 1769 transierunt
1654 1731 1661 1769 τ
1676 1722 1703 1770 ct
1712 1730 1764 1769 non
1780 1714 1855 1770 lieret
1867 1713 1936 1782 boe,
1948 1716 2001 1771 nisi
2011 1730 2082 1773 con·

1290 1801 1462 1859 londcrentur
1475 1814 1502 1859 et
1515 1813 1712 1860 revererentur.
1727 1804 1796 1877 Ergo
1809 1804 1877 1860 bene
1893 1805 1946 1861 illis
1963 1806 2081 1876 omens.

1290 1891 1342 1948 Sed
1355 1894 1416 1965 quia
1426 1894 1479 1950 duo
1493 1904 1555 1951 sunt
1566 1910 1664 1967 genera
1674 1911 1767 1952 eorum
1779 1897 1823 1967 qui
1834 1896 1976 1953 vincuntur
1991 1916 1999 1954 z
2013 1897 2085 1954 doo-

1290 1987 1339 2043 bus
1353 1988 1425 2044 enim
1441 1985 1527 2045 modis
1541 1989 1702 2055 vincuntur;
1715 1990 1805 2047 autad
1828 1989 1880 2046 boc
1893 1991 2038 2049 vincuntur
2052 2001 2086 2050 ut

1291 2088 1480 2136 convertantur
1490 2080 1524 2136 ad
1536 2078 1672 2137 Christum
1685 2096 1693 2148 ;
1707 2089 1754 2137 aut
1766 2080 1799 2135 'ad
1822 2080 1873 2136 boe
1888 2082 2032 2138 vincuntur
2051 2094 2086 2141 ut

1289 2168 1449 2225 damnentur
1462 2185 1477 2224 a
1491 2168 1598 2226 cbristo
1612 2188 1620 2226 ι
1635 2169 1766 2243 explicata
1776 2179 1875 2227 suntet
1892 2170 1935 2227 lric
1944 2171 2001 2227 unio
2020 2173 2083 2245 ipsa

1288 2273 1402 2330 genera,
1417 2261 1530 2316 obscure
1542 2260 1667 2332 quidem,
1684 2260 1731 2317 sed
1753 2260 1945 2319 intellectorem
1966 2262 2084 2322 ummo·

1288 2360 1358 2409 rant.
1383 2352 1477 2409 Deliis
1492 2354 1537 2424 qni
1554 2363 1760 2423 convertuntur,
1780 2355 1871 2425 accipe
1889 2356 1959 2425 quod
1975 2354 2085 2413 dictum

1288 2451 1351 2512 cst,
1366 2442 1562 2516 confunduntur
1574 2454 1597 2501 es
1615 2454 1777 2501 revereantur
1795 2445 1947 2517 requirentes
1964 2446 2086 2504 essm

1288 2552 1380 2591 oseam.
1393 2536 1545 2591 Avertantur
1556 2545 1701 2594 retrorsum.
1712 2535 1769 2592 lion
1781 2536 1949 2607 praecedant,
1962 2538 2012 2593 sed
2032 2555 2085 2593 se-

1288 2634 1417 2697 quantur;
1437 2642 1490 2682 non
1504 2626 1741 2695 denteonsilium,
1764 2626 1812 2683 sed
1837 2626 1979 2699 accipiant.
2009 2627 2084 2688 Nem

1288 2718 1383 2775 Petras
1394 2718 1546 2790 praecedere
1558 2718 1640 2774 voluit
1653 2718 1809 2784 bominum,
1822 2718 1928 2790 quondo
1948 2719 2086 2777 Dominus

1288 2809 1322 2866 de
1335 2812 1460 2882 passione
1474 2826 1521 2866 sua
1536 2809 1623 2865 lutura
1638 2810 1757 2866 diceret:
1773 2810 1911 2865 consilium
1933 2810 1972 2865 illi
2000 2811 2083 2882 quasi

1287 2903 1381 2959 salutis
1395 2902 1478 2958 solnril
1491 2902 1572 2966 dare,
1584 2901 1726 2957 consilium
1741 2900 1834 2955 salutis
1848 2916 1919 2971 chr
1933 2902 2081 2961 salvatori.

1287 2995 1321 3050 Et
1331 2994 1394 3066 quid
1405 2994 1442 3049 ait
1455 2994 1566 3049 bomino
1577 2992 1612 3049 dc
1622 2992 1668 3047 illa
1678 2990 1766 3048 lutura
1776 3007 1823 3047 sua
1839 2992 1962 3062 passione
1977 2993 2083 3049 cossbr-

1287 3085 1472 3146 mantilibus
1486 3104 1501 3140 a
1516 3096 1549 3153 te,
1564 3084 1690 3151 banstins,
1711 3084 1839 3155 propitius
1864 3084 1909 3139 tibi
1923 3093 2001 3150 esto,
2024 3102 2082 3144 nes

1287 3181 1329 3247 fiet
1339 3180 1417 3256 ispud.
1430 3179 1586 3235 Praccedere
1598 3178 1712 3245 solebat,
1726 3187 1755 3233 ut
1771 3177 1898 3233 Dominus
1907 3187 2080 3248 separentur.

1287 3270 1321 3325 Ει
1332 3270 1375 3327 ille
1384 3270 1467 3340 quid?
1493 3268 1559 3323 lindi
1579 3278 1643 3323 retro
1655 3308 1663 3336 ,
1676 3265 1772 3322 Sutauu
1800 3267 1868 3337 (le.
1883 3283 1947 3336 xrs,
1960 3267 2007 3333 22,
2017 3269 2081 3342 23).

1286 3361 1464 3418 Prmcedcndo
1488 3369 1593 3416 sabinens
1612 3375 1657 3423 es,
1683 3360 1818 3431 sequendo
1842 3360 1988 3431 discipulus
2011 3362 2081 3420 eris.

1287 3453 1342 3510 lluc
1353 3469 1417 3524 ergo
1428 3462 1455 3509 ct
1465 3452 1537 3518 istis,
1554 3452 1705 3507 Avertantur
1716 3464 1852 3506 retrorsum
1862 3493 1870 3519 ,
1881 3463 1904 3507 et
1913 3453 2083 3525 confunden-

1287 3556 1344 3610 tur,
1360 3547 1402 3617 qui
1415 3545 1525 3617 repitent
1542 3544 1604 3598 milti
1621 3544 1698 3598 mola.
1713 3544 1778 3599 lium
1793 3545 1863 3599 enim
1882 3546 2015 3617 coeperint
2033 3561 2082 3603 re-

1286 3640 1400 3693 trorsum
1414 3637 1487 3708 sequi
1497 3678 1505 3702 ,
1516 3636 1572 3707 jam
1587 3652 1641 3692 non
1652 3636 1806 3708 cogitabunt
1816 3636 1883 3691 insila
1893 3675 1901 3701 ,
1913 3637 1961 3692 sed
1972 3637 2082 3694 deside-

1285 3728 1380 3784 rabum
1392 3728 1473 3783 bona.

1321 3819 1348 3874 9.
1376 3817 1455 3892 [uere
1477 3819 1504 3885 5,
1519 3816 1559 3892 6.]
1577 3817 1645 3887 Quid
1667 3817 1733 3872 alii?
1754 3816 1811 3875 llon
1831 3819 2020 3874 enimomnes
2040 3819 2082 3875 sie

1285 3912 1436 3977 vincuntur,
1450 3921 1478 3966 ιιι
1492 3919 1679 3967 conseruntur
1690 3921 1717 3966 et
1729 3910 1841 3965 credant
1857 3929 1863 3964 :
1879 3910 1956 3966 molti
1971 3911 1998 3966 in
2013 3927 2081 3981 per·

1287 4003 1382 4060 tinacia
1395 4012 1544 4067 remanent,
1558 4003 1633 4058 multi
1646 4001 1753 4075 spiritus
1766 4001 1951 4071 praecedendi¹
1967 4011 2081 4058 servarat

1286 4098 1313 4153 in
1332 4096 1427 4162 corde;
1445 4105 1473 4153 et
1485 4097 1507 4151 si
1528 4111 1581 4150 non
1602 4102 1739 4158 exserunt,
1761 4104 1849 4149 tamen
1870 4092 2032 4164 parturiunt,
2052 4102 2082 4151 et

1286 4189 1330 4245 ubi
1344 4189 1430 4244 locum
1454 4172 1613 4250 invenerint,
1636 4186 1751 4258 pariunt.
1774 4186 1811 4241 De
1831 4186 1927 4241 talibus
1947 4184 2015 4256 quid
2035 4199 2081 4242 se·

1286 4281 1393 4355 quitur?
1412 4279 1489 4335 Fient
1509 4288 1626 4351 tanquam
1648 4277 1728 4348 pulsis
1747 4287 1805 4332 onte
1818 4277 1909 4350 faciens
1926 4278 2003 4333 senti.
2018 4276 2080 4334 tlon

1287 4375 1326 4430 sic
1338 4374 1421 4444 impii.
1434 4388 1488 4428 non
1502 4373 1551 4438 sic,
1569 4370 1616 4428 sed
1635 4381 1757 4441 tanquam
1772 4369 1858 4441 puluis
1872 4384 1952 4440 qoem
1968 4369 2079 4440 projicit

1287 4473 1383 4520 ueritus
1397 4479 1410 4517 a
1425 4462 1493 4519 iacis
1507 4472 1583 4518 terrac
1598 4460 1685 4534 (Psul.
1698 4477 1717 4524 ι,
1732 4461 1771 4533 l).
1787 4459 1888 4516 Ventus
1903 4460 2016 4515 tertiatio
2025 4470 2078 4526 est,

1287 4556 1373 4627 pulvis
1388 4555 1505 4625 iniquus.
1520 4552 1634 4622 erarrdo
1646 4554 1748 4608 venerit
1765 4553 1885 4615 tentatio,
1900 4551 2001 4606 tollitur
2016 4550 2078 4622 pul·

1286 4647 1341 4712 ris;
1355 4660 1404 4701 nec
1425 4652 1487 4710 stat,
1504 4658 1554 4700 nec
1568 4645 1678 4700 resistis.
1699 4643 1776 4697 Fient
1790 4652 1908 4713 tanquam
1921 4642 2004 4711 puluis
2017 4651 2078 4696 aste

1287 4741 1377 4812 [eciem
1389 4738 1455 4792 renti
1469 4753 1479 4792 .·
1492 4747 1515 4791 et
1529 4738 1632 4808 arrpelns
1648 4735 1750 4790 Densini
1764 4734 1887 4790 tribulans
1900 4750 1952 4788 eos.
1965 4732 2027 4787 Fiet
2037 4734 2078 4789 uie

1286 4848 1372 4889 eorum
1393 4830 1500 4886 tenebre
1519 4839 1541 4883 es
1558 4829 1691 4884 lubricum.
1712 4826 1850 4882 llorrendn
1870 4826 1924 4880 uia.
1938 4824 2078 4880 Tenebras

1287 4925 1358 4980 solas
1376 4923 1435 4994 quis
1454 4937 1506 4977 sion
1524 4920 1652 4976 borreatl
1673 4919 1814 4973 imbricum
1840 4918 1925 4972 solum
1940 4917 2001 4987 qnis
2023 4934 2081 4987 non

1286 5014 1397 5071 carcat?
1418 5013 1445 5067 ln
1471 5011 1587 5067 tenebris
1606 5020 1633 5065 et
1655 5009 1757 5063 lubrico
1777 5023 1827 5079 qna
1852 5005 1893 5062 isi
1913 5006 1956 5061 ubi
1979 5006 2077 5078 pedcsu

1288 5105 1365 5176 ligisi
1383 5104 1451 5160 Sunt
1469 5102 1520 5158 ista
1538 5101 1591 5156 duo
1607 5100 1674 5155 mnia
1691 5115 1792 5170 usagium
1813 5113 1897 5168 irminae
1915 5096 2076 5153 bominum:

1288 5195 1412 5260 urnebre,
1430 5193 1595 5266 ignorantim
1612 5190 1753 5254 lubricum,
1776 5188 1889 5244 lusruia.
1905 5186 1966 5241 Fiat
1980 5188 2024 5241 rua
2035 5203 2078 5242 eo·

1286 5306 1343 5351 rum
1352 5287 1457 5342 tenebre
1470 5294 1494 5341 el
1503 5284 1627 5340 lubricum
1640 5298 1649 5337 :
1662 5292 1685 5337 et
1696 5282 1801 5351 onpelus
1813 5280 1915 5334 Donrini
1925 5294 2076 5350 persequens

1287 5399 1328 5437 eor
1342 5396 1351 5435 :
1363 5388 1392 5436 ut
1406 5396 1457 5435 non
1472 5377 1574 5448 possint
1593 5384 1673 5430 smrc.
1694 5374 1758 5429 Nam
1779 5374 1961 5443 unusquisqne
1985 5372 2013 5427 in
2038 5383 2077 5429 te

1287 5452 1377 5532 nebris
1390 5479 1418 5528 et
1430 5469 1533 5526 lubrico
1546 5483 1606 5523 cum
1619 5466 1715 5521 rideris
1729 5465 1827 5536 ‹pria-si
1844 5463 1936 5534 perlem
1950 5464 2078 5530 moverit,

1287 5566 1394 5630 labitur,
1407 5572 1434 5617 et
1448 5561 1492 5616 lux
1512 5560 1549 5615 illi
1563 5567 1625 5613 mue
1640 5558 1722 5628 pedes
1740 5572 1793 5610 non
1805 5564 1865 5620 cst;
1881 5554 1922 5610 sel
1937 5553 1991 5611 boc
2007 5555 2079 5611 torte

1287 5657 1359 5722 lacit,
1375 5662 1554 5724 uterspectet
1574 5650 1660 5706 dornec
1672 5650 1780 5707 luceat:
1797 5646 1844 5705 sed
1862 5647 1897 5702 ibi
1911 5655 1954 5703 est
1965 5649 2079 5719 singulus

1290 5747 1392 5804 bomini
1416 5757 1577 5815 persequens
1602 5755 1661 5797 eos.
1685 5740 1747 5796 llscc
1769 5739 1809 5795 eis
1833 5739 1918 5793 lutura
1938 5738 2078 5809 praedixit,

1288 5856 1341 5895 nnn
1360 5838 1435 5910 quasi
1448 5845 1479 5892 nt
1497 5835 1633 5890 evenirent
1654 5834 1765 5903 optavit.
1785 5831 1942 5902 Quanquam
1964 5841 1991 5886 ct
2009 5831 2073 5886 l'ro-

1288 5932 1366 6002 pbeta
1381 5928 1408 5983 in
1422 5926 1516 5996 spiritu
1531 5925 1577 5980 liei
1591 5925 1630 5981 sic
1648 5939 1678 5979 eo
1697 5923 1780 5989 dieat,
1795 5922 1930 5993 quomodo
1945 5923 1987 5977 illa
2005 5923 2077 5980 treus

1320 6111 1329 6144 r
1346 6115 1371 6160 ω
1382 6114 1433 6160 use
1446 6103 1561 6171 pluribus,
1571 6101 1696 6156 renitendi.
1716 6106 1740 6152 tn
1752 6099 1814 6161 aliis,
1828 6099 1955 6151 retbmsdl.
