5025 6925
438 670 491 727 tut

439 786 553 843 Proinde
572 785 631 841 sine
651 782 815 839 dubitatione
836 796 887 837 non
907 789 988 836 errrnt
1000 776 1156 835 consensuri
1179 795 1222 848 nur

439 882 531 952 scripti
553 891 624 935 srrrtt.
649 878 694 933 isti
715 891 779 948 ergo
800 874 933 947 quemodo
946 872 1008 930 inde
1028 872 1160 936 delentur,
1178 873 1224 928 ubi

440 985 575 1041 nurrquam
600 967 691 1038 scripti
712 966 796 1021 stant?
818 966 874 1021 lloc
896 964 994 1019 dietum
1015 971 1057 1018 est
1076 962 1220 1017 secundnm

442 1077 516 1133 spem
536 1061 669 1130 ipsnmm,
682 1058 742 1129 qnia
762 1058 810 1128 ipsi
828 1072 858 1112 se
876 1057 988 1125 scriptos
1003 1054 1138 1125 putabant.
1154 1052 1223 1119 Quid

439 1164 491 1215 cst.
504 1151 642 1213 Deleantur
654 1149 761 1204 dc'iiiro
773 1148 850 1203 rita?
863 1148 898 1203 br
909 1147 972 1217 ipsis
985 1154 1087 1201 constet
1099 1159 1151 1199 non
1165 1144 1225 1198 illos

440 1243 475 1297 ibi
490 1257 560 1298 esse.
578 1243 615 1297 Ea
629 1241 680 1296 hae
693 1240 826 1295 locutione
839 1238 939 1294 dictum
951 1244 993 1292 est
1005 1235 1031 1290 in
1044 1236 1096 1289 alio
1110 1235 1222 1304 psalmo,

440 1336 537 1391 cauno
550 1354 566 1390 a
578 1337 656 1391 iuterc
670 1343 712 1388 tuo
730 1333 815 1399 mille,
830 1342 854 1386 et
866 1331 931 1386 dena
944 1329 1025 1384 ntiilia
1037 1344 1053 1380 a
1065 1327 1160 1382 dextris
1174 1327 1224 1381 tuis

442 1427 528 1500 (Psoi.
541 1444 588 1495 nc,
602 1429 650 1498 il:
672 1426 770 1490 idest,
789 1424 864 1479 multi
877 1419 1135 1486 scandalizabuntur,
1149 1428 1175 1473 et
1190 1433 1224 1473 ex

442 1535 475 1575 en
491 1533 602 1574 numero
624 1518 669 1589 gari
683 1533 713 1573 se
733 1515 876 1586 sperabant
890 1526 1010 1569 sessuros
1032 1520 1136 1575 tecum,
1151 1519 1178 1565 et
1191 1526 1224 1565 ex

441 1626 475 1665 eo
490 1625 600 1665 numero
621 1609 666 1679 qui
689 1623 719 1663 se
738 1606 880 1677 sperabant
903 1612 1018 1659 staturos
1037 1600 1069 1655 ad
1088 1600 1225 1656 dexteram

442 1710 531 1768 tuam,
545 1700 659 1771 separati
672 1698 705 1753 ab
717 1697 802 1752 badis
815 1694 929 1751 sinistris
942 1694 951 1764 i
963 1691 1057 1768 lintris.
1071 1706 1137 1758 ιιι,
1151 1689 1203 1763 35)
1218 1709 1225 1747 :

442 1808 496 1846 non
518 1807 578 1861 qum
598 1805 659 1846 cum
681 1789 716 1844 ibi
736 1783 842 1843 steterit
851 1786 962 1856 aliquis,
975 1792 1066 1855 postea
1080 1782 1166 1847 cadet,
1181 1791 1227 1837 aut

443 1897 503 1937 curn
518 1881 616 1936 sederit
630 1895 689 1935 eum
709 1878 754 1933 illo
767 1877 916 1949 quisquam,
934 1875 1088 1945 abjicietur3
1104 1873 1151 1929 sed
1166 1874 1227 1943 quia

443 1972 520 2027 multi
533 1973 618 2026 casuri
632 1979 709 2027 erant
724 1971 750 2024 in
765 1967 939 2033 scandalum,
953 1968 996 2037 qui
1007 1967 1061 2037 jam
1076 1966 1112 2022 ibi
1125 1981 1155 2022 se
1167 1980 1228 2022 esse

443 2062 588 2133 paronnam
612 2062 637 2117 id
658 2073 710 2130 est,
732 2060 808 2115 multi
828 2060 873 2129 qui
892 2073 921 2114 se
943 2058 1085 2128 sperabant
1105 2071 1227 2112 sessuros

442 2162 541 2216 tecum,
554 2152 629 2207 multi
640 2153 684 2223 qui
694 2159 899 2221 sesperarerant
912 2158 1026 2204 staturos
1035 2149 1068 2203 ad
1078 2147 1227 2214 dexteram,

444 2245 494 2316 ipsi
508 2245 594 2299 casuri
609 2253 680 2299 sunt.
692 2243 736 2299 Sic
749 2258 811 2313 ergo
826 2250 855 2298 et
867 2241 910 2297 lric
929 2241 967 2296 illi
984 2241 1028 2311 qui
1042 2255 1072 2296 se
1084 2240 1228 2308 speruliant

444 2343 570 2405 tanquam
592 2336 686 2391 merite
703 2334 811 2405 justitiae
834 2348 889 2389 strae
912 2332 938 2386 in
959 2331 1025 2385 libro
1039 2330 1152 2402 scriptos
1170 2330 1227 2395 bei,

442 2430 539 2499 qrrilrus
550 2428 656 2493 dieitur,
673 2426 828 2483 Scrutamini
842 2424 998 2494 Scripturas,
1013 2422 1040 2476 in
1052 2424 1141 2492 quibus
1154 2430 1230 2491 puta·

443 2522 476 2575 tis
488 2537 530 2574 uos
544 2521 620 2574 uitam
632 2530 751 2575 aternam
765 2519 855 2571 lrabcm
870 2514 958 2588 (ioan.
971 2531 998 2581 v,
1014 2514 1059 2585 39>
1074 2534 1081 2569 :
1095 2528 1154 2568 eum
1171 2528 1230 2582 pcr-

442 2613 522 2668 dueta
544 2613 621 2668 luerit
641 2610 776 2666 damnatio
794 2624 885 2665 eorum
900 2609 979 2665 etiam
998 2606 1031 2661 ad
1051 2604 1229 2675 cognitionem

445 2720 554 2769 eorunm,
568 2702 728 2759 delebuntur
745 2701 780 2757 de
799 2700 865 2756 libro
881 2697 1044 2762 virentium,
1060 2695 1086 2750 id
1105 2703 1162 2762 est,
1177 2707 1230 2748 non

445 2795 480 2849 ibi
495 2810 524 2848 so
538 2808 598 2849 esse
610 2801 780 2864 cognoscent.
793 2790 858 2846 Nam
873 2786 966 2845 aversus
980 2788 1025 2858 qui
1039 2786 1168 2857 sequitur,
1183 2775 1230 2841 ἐι·

445 2885 520 2956 ponit
532 2885 601 2955 qarotl
616 2885 770 2940 dictumest
785 2900 792 2936 :
808 2880 842 2936 m
855 2881 997 2951 semiustis
1010 2896 1061 2934 nou
1078 2879 1230 2934 scribuntur.

447 2979 505 3033 llixi
518 2993 592 3049 ergo,
605 2978 751 3043 Dcieuutur,
765 2974 910 3031 secundum
925 2987 1000 3045 spem
1014 2986 1122 3037 eomm;
1137 2985 1232 3026 seeun-

445 3060 509 3127 dum
517 3080 603 3125 autern
615 3070 764 3141 equitatem
774 3078 844 3123 tuam
853 3066 914 3137 quid
927 3064 1004 3121 dicn'l
1015 3062 1231 3118 Nonscriiantur.

483 3165 525 3220 lt.
541 3162 626 3236 [acra.
640 3161 703 3235 ab]
728 3160 829 3233 Pauper
848 3169 871 3215 et
892 3158 979 3213 dolens
997 3173 1042 3229 ego
1060 3173 1125 3211 sum.
1145 3155 1233 3223 Quare

447 3255 519 3311 lanei
542 3255 583 3309 dn
605 3264 634 3309 ut
656 3267 860 3326 agnosceremus
878 3250 949 3321 quod
969 3265 1016 3321 per
1028 3247 1231 3304 amaritudinem

447 3346 528 3400 animi
549 3344 682 3401 maledicit
703 3360 804 3416 pauper
824 3342 895 3399 latei
914 3341 995 3397 liulta
1010 3340 1079 3396 enim
1095 3338 1159 3394 dixit
1173 3353 1233 3408 quae

448 3438 502 3495 illis
520 3439 652 3494 eueniant.
675 3438 709 3494 lit
730 3437 803 3508 quasi
824 3436 848 3493 ei
863 3435 1028 3497 diceremus.
1042 3432 1138 3505 litquid
1152 3432 1234 3488 talla?

448 3530 502 3584 noli
518 3539 637 3594 tantuna:
660 3529 803 3599 respondet
819 3546 826 3582 :
847 3527 951 3598 Pauper
964 3536 987 3581 et
1006 3526 1093 3580 dolens
1109 3541 1154 3595 ego
1168 3542 1233 3578 rum.

449 3621 635 3676 Peraluuerunt
657 3636 700 3677 me
721 3620 754 3675 ad
774 3628 933 3690 egestatem,
955 3618 987 3673 ad
1012 3618 1089 3672 istum
1116 3617 1234 3671 ‹lolorem

448 3713 646 3782 deposuermrt;
667 3711 727 3767 ideo
748 3711 796 3767 ista
811 3711 881 3766 dieo.
896 3703 1008 3764 Non'est
1027 3717 1114 3763 tamen
1134 3717 1234 3762 stoma·

449 3804 539 3860 cbatio
553 3803 746 3870 maledicentis,
758 3803 806 3859 sed
818 3801 953 3874 praedictio
963 3799 1154 3871 prophetantis.
1169 3798 1235 3854 Nam

448 3895 483 3952 de
497 3903 652 3966 paupertate
664 3909 711 3950 sua
725 3904 753 3950 et
770 3893 863 3950 dolore
876 3907 925 3947 suo
942 3891 1062 3964 quandam
1075 3907 1134 3962 qua
1149 3901 1236 3959 postc-

450 3987 507 4042 rius
527 3985 600 4049 dicit,
624 3985 857 4042 commendaturus
880 3993 921 4038 est
942 3983 1029 4050 nobis,
1054 3992 1082 4037 nt
1103 3983 1236 4038 discamus

449 4092 510 4134 csse
523 4093 653 4148 parapercs
665 4087 692 4132 et
707 4077 837 4134 dolentes.
858 4075 930 4130 Bruti
942 4075 1012 4131 euim
1026 4091 1156 4145 pauperes,
1172 4091 1235 4145 prro·

450 4169 518 4223 uiam
529 4171 638 4240 ipsorum
649 4179 685 4224 cat
695 4184 799 4240 regnum
810 4168 947 4230 coeiorum,·
960 4173 996 4228 et,
1007 4164 1078 4219 Bruti
1088 4165 1131 4236 qui
1140 4166 1235 4236 lugent,

450 4262 569 4330 prraninm
580 4262 630 4334 ipsi
643 4263 839 4318 consolabuntur
853 4260 957 4333 (diattlr.
970 4277 997 4328 r,
1011 4262 1037 4327 3,
1047 4247 1090 4332 ¹5).
1107 4260 1162 4316 lloe
1173 4276 1237 4332 ergo

451 4352 509 4422 ipse
521 4353 592 4422 prius
602 4354 656 4422 jam
672 4354 749 4410 nobis
763 4343 879 4410 ostendit
891 4369 899 4419 ;
913 4362 941 4408 et
955 4351 1024 4419 idco,
1039 4350 1143 4422 Pauper
1155 4362 1178 4406 ct
1192 4352 1238 4407 do·

451 4443 505 4496 lens
518 4458 563 4513 ego
581 4459 648 4498 sarm.
662 4443 758 4498 'lntrrm
780 4460 876 4513 eorpus
890 4443 948 4513 ejus
967 4443 1019 4500 boc
1039 4442 1112 4499 dicit.
1135 4443 1237 4514 Corpus

451 4531 590 4587 christiin
611 4533 661 4589 hae
676 4543 746 4589 terra
766 4550 866 4605 pauper
878 4545 921 4590 est
940 4545 967 4590 et
987 4534 1090 4591 dolens.
1113 4532 1164 4590 Sed
1184 4536 1238 4590 sint

450 4616 547 4678 diuites
560 4621 715 4678 Christiani.
735 4624 847 4680 Prorsus
859 4626 882 4680 si
896 4623 1037 4680 Christiani
1051 4632 1121 4690 sunt,
1136 4640 1237 4695 paupe·

466 4727 496 4768 es
506 4721 584 4779 sunl3
599 4712 625 4767 in
639 4714 837 4783 comparatione
849 4715 999 4771 diuitiarum
1013 4715 1161 4772 celesoum
1173 4730 1238 4785 naras

401 4849 403 4857 ,
451 4817 569 4876 sperant,
582 4821 661 4863 omne
671 4822 763 4862 aurum
777 4821 854 4863 suum
868 4824 976 4865 arenam
988 4808 1125 4879 deputant.
1137 4807 1238 4879 Pauper

452 4906 477 4951 et
491 4897 578 4953 dolens
591 4915 636 4971 ego
648 4915 714 4953 sum.
1057 4962 1059 4966 ,

489 4989 533 5045 15.
548 4989 622 5062 [uera
636 4986 693 5064 bl]
704 4988 738 5043 Et
748 4989 819 5046 solus
828 4991 910 5044 ruitur
920 4990 967 5054 tui,
978 4989 1053 5054 Deus,
1066 4991 1175 5061 suscepit
1185 5007 1235 5047 otc.

454 5078 584 5151 Nrrrrrquid
599 5083 722 5138 desertus
735 5093 776 5139 est
790 5099 890 5155 pauper
903 5083 972 5138 istc?
981 5081 1094 5150 Quando
1105 5091 1131 5137 tu
1145 5083 1237 5154 digna-

454 5173 492 5227 ris
504 5188 649 5241 pannosum
663 5192 806 5248 pauperem
822 5175 955 5248 applicare
968 5175 1001 5230 ad
1016 5190 1135 5230 mensam
1149 5175 1238 5230 tuam?

455 5261 538 5317 Porro
549 5275 637 5320 autem
651 5283 794 5339 pauperem
806 5267 884 5323 istum
895 5265 966 5322 salus
979 5267 1070 5321 rullus
1086 5265 1131 5320 liei
1149 5280 1239 5322 susce-

455 5354 511 5426 plt;
532 5355 558 5408 ln
578 5357 649 5411 vultu
669 5374 718 5413 suo
737 5359 876 5416 abscondit
894 5358 952 5430 ejus
973 5367 1127 5429 egestatem.
1141 5357 1238 5412 lleillo

429 5485 431 5489 -
454 5445 553 5518 quippe
565 5446 663 5502 dictum
676 5456 735 5503 est:
749 5450 889 5506 discordes
899 5467 941 5505 eos
952 5451 979 5505 iu
994 5449 1140 5505 abscondita
1154 5440 1239 5503 rubus

455 5538 492 5590 tui
503 5534 590 5608 (Paci.
601 5551 664 5604 ιιι,
676 5537 735 5609 tt).
750 5540 777 5594 ln
790 5540 836 5596 illo
847 5551 935 5597 autern
947 5540 1019 5596 uultu
1035 5556 1094 5612 qua
1107 5540 1160 5594 sint
1172 5539 1239 5594 diri-

455 5628 500 5684 tim
512 5626 592 5683 rultis
605 5631 702 5683 nosse?
715 5629 816 5687 Divitiae
836 5631 894 5687 istae
914 5631 964 5687 lroc
986 5631 1032 5687 tibi
1053 5639 1193 5700 praestant,
1210 5638 1239 5684 ut

452 5720 712 5791 duatrinnands
729 5723 783 5788 ris,
804 5724 951 5792 prandeas;
966 5725 1017 5779 illae
1030 5738 1109 5787 nero,
1130 5731 1159 5777 ut
1173 5738 1240 5776 nun·

452 5828 533 5886 apuam
544 5812 655 5876 cetarias.
670 5811 769 5883 Pauper
779 5827 802 5867 et
810 5814 898 5868 dolena
907 5829 952 5885 cpe
964 5812 1240 5878 commurmuratus

456 5906 503 5974 tui,
519 5905 595 5972 Deus,
609 5907 717 5976 suscepit
726 5923 774 5961 me.
786 5906 916 5977 lld'quam
928 5906 1003 5961 rem?
1016 5905 1050 5961 llt
1061 5908 1115 5974 jam
1126 5920 1178 5958 non
1190 5905 1238 5958 sim

457 6012 567 6069 pauper,
580 6015 631 6054 non
645 5998 695 6054 aim
708 5998 811 6055 dolens.
824 5998 944 6053 Laudabo
954 6015 1042 6053 uenam
1055 5997 1100 6050 Dei
1112 6013 1167 6050 curu
1179 6012 1240 6049 can-

459 6089 522 6151 tico,
534 6089 700 6160 nmguipicubo
712 6106 766 6145 curu
782 6091 808 6144 iu
822 6088 977 6147 teudeiam
991 6087 1090 6143 dictrrm
1104 6092 1159 6149 est;
1176 6099 1239 6154 pau-

1041 668 1070 723 S.
1090 663 1271 723 aucusttrtl
1293 663 1444 722 belsebul

2011 669 2063 729 dii

1279 794 1327 849 per
1347 779 1396 834 iste
1419 778 1508 833 laridat
1527 794 1621 834 nomen
1639 779 1683 834 [lei
1698 794 1758 835 eum
1776 780 1895 847 cantico,
1910 781 2061 854 magnificat

1277 884 1337 924 cum
1353 871 1378 923 iu
1389 869 1473 923 laude.
1486 870 1597 937 Quando
1609 870 1719 926 auderet
1728 879 1845 933 eantare.
1859 872 1910 926 nisi
1924 883 2060 930 recreetur

1277 968 1349 1015 esset
1361 975 1375 1013 a
1391 958 1477 1015 iarael
1487 959 1608 1016 burrdaio
1621 979 1709 1015 uorrrcn
1721 960 1768 1016 bet
1780 979 1837 1016 cum
1848 966 1957 1031 cantico,
1968 967 2063 1036 magui·

1278 1050 1357 1119 fiendo
1377 1068 1433 1104 cum
1453 1053 1480 1105 iu
1500 1052 1582 1107 laude.
1603 1053 1703 1124 llagnae
1725 1053 1840 1111 dirititci
1860 1055 1932 1125 Quas
1945 1073 2064 1127 genituras

1278 1140 1364 1195 laudis
1376 1141 1423 1196 llei
1436 1142 1469 1197 tle
1482 1142 1606 1198 thesauro
1619 1144 1745 1200 interiore
1758 1146 1880 1215 protulit!
1891 1144 2064 1219 Magnificam

1277 1247 1334 1284 eunt
1347 1232 1374 1285 in
1386 1232 1469 1287 laude.
1484 1233 1530 1288 llae
1550 1242 1613 1288 srrrrt
1634 1234 1733 1290 diarria
1747 1251 1822 1291 mem.
1837 1236 1962 1292 Dominus
1978 1239 2064 1306 dedit,

1277 1320 1402 1376 Douriuus
1423 1323 1536 1378 abstulit.
1551 1324 1621 1395 Ergo
1639 1325 1722 1381 miser
1735 1328 1877 1385 remansit?
1894 1327 1982 1384 utria.
2001 1328 2064 1384 i'ide

1277 1412 1404 1468 diuitias:
1421 1414 1492 1469 Sicut
1502 1414 1612 1471 Dauniae
1629 1417 1734 1488 placuit,
1745 1418 1780 1472 ita
1793 1419 1888 1490 facturn
1902 1430 1956 1485 est,·
1971 1422 2005 1474 sit
2017 1439 2064 1474 no·

1280 1506 1613 1564 mcuDomiuiienedlctmu
1636 1509 1696 1583 (iob
1715 1528 1734 1580 t,
1754 1512 1811 1585 il).
1832 1512 1954 1570 Laudabo
1966 1507 2064 1571 'aoruca

1278 1596 1327 1652 ba·
1340 1615 1397 1677 cum
1411 1600 1518 1665 cantico,
1532 1602 1697 1673 magnificabo
1708 1619 1765 1657 eum
1776 1605 1803 1659 iu
1815 1606 1899 1660 lorado.

1314 1690 1358 1746 16.
1375 1689 1450 1764 [acra.
1465 1691 1521 1766 32]
1538 1692 1570 1747 Et
1584 1687 1690 1765 placebit
1702 1696 1765 1762 lico,
1782 1696 1832 1753 ltoc
1846 1699 1916 1770 qrrod
1930 1714 1993 1755 enm
2010 1701 2064 1753 tarr·

1279 1778 1358 1849 dabo,
1373 1781 1495 1851 placebit,
1511 1786 1699 1855 supernitatum
1712 1777 1845 1853 neocliuu'r,
1861 1806 1957 1843 cernam
1970 1793 2063 1860 produ

1281 1881 1408 1926 ccutcmct
1421 1874 1537 1943 cingulas.
1548 1872 1654 1931 Gratius
1670 1876 1706 1931 illi
1719 1878 1770 1932 erit
1785 1879 1946 1936 saerilleinm
1960 1882 2062 1948 laudis,

1280 1979 1358 2033 qrram
1371 1964 1528 2021 sacrificium
1543 1967 1629 2021 vituli.
1643 1968 1804 2039 Sacrificium
1817 1972 1901 2026 laudis
1913 1973 2066 2045 glorificabit

1279 2070 1336 2119 mc,·
1345 2064 1369 2108 ct
1383 2056 1417 2109 ibi
1426 2057 1466 2109 oia
1477 2065 1513 2110 cst
1525 2056 1550 2110 in
1562 2073 1611 2128 prm
1625 2059 1754 2114 ostendam
1765 2061 1804 2115 iiii
1815 2062 1927 2117 saiutmc
1936 2063 1996 2119 Dei.
2011 2063 2065 2118 lm·

1280 2147 1348 2202 moia
1357 2146 1410 2203 Deo
1421 2149 1573 2218 sacrificium
1587 2151 1680 2214 laudis,
1691 2160 1715 2206 et
1724 2153 1801 2207 redde
1810 2153 1937 2210 ditissime
1952 2167 2011 2211 retu
2024 2167 2065 2212 tua

1281 2237 1364 2307 (rear.
1381 2227 1457 2304 nux,
1471 2236 1515 2305 ta,
1530 2240 1586 2312 tt).
1600 2240 1670 2309 erga
1683 2220 1796 2298 ianuario
1810 2244 1911 2309 oanan
1926 2254 1954 2300 a
1969 2246 2030 2315 prus
2041 2248 2066 2302 a

1281 2330 1394 2399 placebit
1406 2345 1484 2402 quam
1498 2331 1594 2387 vitulus
1608 2333 1745 2401 novellus,
1758 2350 1856 2390 cornua
1876 2336 2028 2404 producens
2041 2348 2067 2393 ct

1280 2422 1404 2492 ungulas.
1417 2424 1538 2493 Amplius
1558 2440 1622 2495 ergo
1635 2426 1749 2495 placebit
1762 2427 1817 2482 lleo
1830 2427 1887 2483 laus
1900 2428 1959 2498 ejus
1974 2431 2066 2486 exiens

1281 2513 1315 2570 de
1328 2529 1376 2570 ore
1389 2530 1459 2579 meo,
1473 2531 1551 2586 quam
1565 2532 1659 2588 magna
1675 2518 1780 2573 victima
1802 2519 1915 2575 adducta
1937 2520 1973 2575 ad
1995 2537 2066 2576 aram
2116 2565 2120 2575 .

1282 2605 1373 2676 ipsius.
1387 2607 1429 2662 dn
1442 2607 1539 2677 aliquid
1553 2608 1586 2663 de
1598 2609 1724 2665 cornibus
1736 2620 1763 2664 et
1774 2611 1879 2681 ungulis
1898 2612 1974 2667 vituli
1992 2596 2067 2683 trojus

1282 2696 1421 2769 dicendum
1436 2700 1495 2754 estl
1508 2698 1558 2766 Qui
1573 2699 1641 2756 bene
1653 2699 1799 2756 instructus
1811 2711 1868 2763 est,
1883 2711 1911 2756 et
1924 2702 2005 2759 laude
2022 2705 2066 2760 liei

1282 2788 1438 2857 opulentus,
1461 2799 1489 2845 et
1508 2805 1606 2845 cornua
1621 2790 1699 2846 deber
1719 2791 1817 2848 babere
1830 2792 1928 2863 quibus
1944 2793 2068 2850 aduersa-

1282 2880 1350 2935 rium
1359 2881 1478 2942 rentilet,
1488 2892 1515 2937 et
1525 2884 1636 2953 ungulas
1647 2883 1742 2953 quibus
1754 2892 1850 2940 terram
1860 2885 1971 2941 excitet.
1982 2887 2070 2943 Nostis

1283 2974 1353 3028 enim
1368 2973 1420 3030 lroc
1431 2972 1520 3030 iacere
1532 2974 1629 3031 vitulos
1649 2976 1839 3046 pubescentes,
1856 2984 1884 3032 et
1898 2978 1923 3032 in
1938 2979 2069 3033 taurinam

1282 3063 1419 3119 audaciam
1445 3064 1660 3136 grandescentes.
1683 3065 1748 3121 Nam
1775 3068 1836 3123 ideo
1862 3068 1987 3124 novellus
2008 3078 2068 3133 eat,

1284 3164 1394 3225 propter
1408 3155 1489 3211 uitam
1513 3173 1618 3212 noram.
1636 3159 1739 3232 Aliquis
1758 3174 1822 3230 ergo
1841 3161 1984 3218 haereticus
2005 3164 2071 3218 iorte

1285 3247 1456 3315 contradicit;
1470 3250 1595 3305 conatibus
1608 3250 1760 3305 ventiletur.
1777 3252 1852 3308 Alius
1870 3268 1923 3307 uon
1937 3254 2071 3309 contradi-

1284 3340 1340 3408 cit,
1354 3341 1400 3398 sel
1414 3350 1502 3398 umen
1521 3350 1653 3397 terrenum
1667 3342 1769 3413 abiecte
1781 3345 1866 3413 sapim
1881 3346 1986 3415 ungulis
1999 3347 2070 3401 exci-

1285 3442 1365 3492 tetur.
1377 3436 1445 3509 Ergo
1459 3450 1539 3507 snper
1550 3435 1621 3492 bunc
1632 3437 1741 3492 vitulum
1765 3436 1811 3492 tibi
1826 3437 1939 3508 placebit
1958 3438 2072 3494 laudatio

1287 3542 1359 3589 mea:
1372 3527 1427 3596 iam
1441 3527 1485 3583 illa
1498 3527 1506 3559 ¹
1523 3536 1581 3597 post
1594 3535 1774 3597 paupertatem
1785 3536 1813 3583 et
1823 3528 1943 3583 dolorem
1958 3530 1984 3582 in
1995 3539 2072 3583 aeter·

1287 3633 1320 3672 ua
1335 3618 1461 3673 societate
1479 3616 1640 3688 Angelorum
1653 3659 1661 3683 ,
1675 3617 1718 3671 ubi
1734 3632 1783 3672 nec
1796 3618 1964 3673 ailrersarius
1984 3620 2032 3674 erit
2047 3620 2076 3675 iu

1286 3709 1431 3764 certamine
1457 3707 1641 3776 mutilandus,
1669 3724 1718 3765 uec
1746 3709 1819 3779 piger
1842 3709 1876 3764 ale
1904 3718 1975 3764 terra
2002 3711 2072 3765 erei-

1287 3799 1391 3853 tantitas.

1307 3894 1366 3948 lt.
1381 3891 1454 3965 [ocra.
1470 3889 1526 3964 ab]
1547 3890 1652 3945 Videant
1662 3892 1758 3961 iuopss,
1771 3901 1795 3945 ct
1805 3891 1930 3945 luterum.
1947 3890 2072 3953 Credant,

1287 3995 1314 4039 et
1327 4000 1374 4055 spe
1387 3984 1526 4055 garuleant.
1538 3984 1619 4054 lingis
1639 3985 1731 4054 inopes
1745 3983 1814 4048 sint,
1835 3992 1864 4038 ut
1882 3987 1998 4039 saturari
2018 4002 2073 4041 urc-

1288 4087 1412 4142 reautar;
1429 4093 1462 4131 ne
1475 4093 1535 4132 rum
1555 4076 1688 4146 superbiae
1704 4078 1821 4147 saginam
1832 4086 1949 4143 ructant,
1966 4090 2074 4149 negctnr

1288 4169 1326 4224 eis
1347 4169 1422 4239 panis
1441 4185 1493 4239 qun
1511 4167 1654 4223 salubriter
1674 4168 1772 4221 ritant.
1793 4166 1904 4234 Quaerite
1924 4165 2073 4233 Dauduana,

1289 4264 1397 4332 inopes;
1411 4262 1519 4326 esurite,
1533 4270 1560 4316 et
1572 4261 1642 4315 sitite
1655 4259 1759 4332 (liuida
1774 4276 1804 4324 r,
1818 4259 1845 4331 6)
1858 4280 1865 4315 :
1881 4261 1937 4329 ipse
1951 4268 1994 4316 est
2005 4264 2073 4316 enirn

1289 4357 1364 4428 panis
1385 4357 1461 4412 rirrrs
1482 4359 1525 4426 nari
1549 4354 1583 4411 de
1604 4356 1672 4411 crelo
1693 4355 1829 4411 descendit
1843 4355 1938 4425 (loon.
1954 4371 1998 4417 rr,
2014 4350 2073 4425 ⁵¹i·

1291 4450 1402 4517 Qrcoeritc
1414 4449 1560 4516 Dominum,
1572 4458 1595 4503 ct
1609 4450 1672 4504 uiuet
1684 4450 1770 4502 anirua
1782 4460 1871 4503 restro.
1888 4449 2014 4516 ermritls
2029 4465 2075 4518 pa·

1287 4542 1362 4605 beru,
1376 4548 1405 4594 ut
1416 4540 1486 4594 uiuat
1495 4555 1557 4595 caro
1568 4550 1654 4595 restra
1665 4556 1672 4606 ;
1685 4540 1824 4595 llonriruun
1834 4541 1957 4609 «poenite,
1969 4550 1998 4596 ut
2008 4542 2077 4594 rirat

1288 4633 1374 4688 anima
1391 4642 1485 4688 restra.

1325 4724 1368 4780 18.
1384 4722 1459 4795 [uera.
1476 4721 1533 4796 at]
1545 4722 1803 4790 Qatnuiamccamliuit
1813 4739 1935 4794 pauperes
1944 4723 2075 4778 Durrainus.

1289 4815 1429 4872 Exarrdirit
1442 4829 1588 4886 pauperes;
1602 4830 1651 4868 nee
1664 4814 1801 4870 exaudiret
1816 4824 1956 4884 pauperes
1974 4816 2023 4870 uisi
2036 4830 2077 4870 es·

1289 4913 1349 4962 sent
1367 4921 1507 4976 pauperes.
1527 4904 1573 4960 llis
1594 4904 1732 4959 exarrrdiril
1750 4905 1854 4974 Parrrper
1866 4915 1925 4961 esto
1937 4923 1945 4959 ε
1957 4906 2035 4960 dolor
2046 4906 2078 4962 dc

1290 5005 1316 5051 te
1329 4997 1434 5064 elamet,
1448 5010 1501 5051 non
1515 4995 1657 5050 fastidium.
1674 4995 1799 5060 Quoniam
1813 4997 1940 5051 exaudivit
1955 5016 2078 5068 pauperes

1290 5086 1433 5151 Douriuas;
1454 5096 1477 5141 et
1494 5088 1647 5157 compeditos
1665 5104 1724 5141 satos
1742 5105 1792 5142 uon
1812 5091 1915 5157 spreuit.
1927 5089 2078 5145 Oll'cnsuss

1291 5179 1375 5235 serris
1387 5219 1394 5244 ,
1410 5177 1472 5233 lecit
1484 5192 1531 5232 eos
1543 5177 1724 5248 compeditos:
1739 5179 1786 5233 sed
1799 5178 1945 5234 clamantes
1956 5180 1992 5235 de
2004 5195 2077 5235 com·

1291 5271 1402 5342 pedibus
1422 5287 1474 5327 uon
1495 5272 1666 5342 contempsit.
1684 5273 1750 5340 Quae
1764 5281 1827 5327 suat
1844 5273 1903 5329 istac
1914 5275 2078 5344 compedes!

1290 5363 1447 5431 llortalitas,
1460 5363 1666 5434 corruptibilitas
1679 5364 1777 5427 carnis,
1791 5364 1933 5434 compedes
1948 5375 2010 5420 sunt
2023 5366 2079 5434 qui·

1292 5455 1341 5510 bus
1352 5456 1423 5525 ligati
1438 5469 1538 5509 sumus.
1553 5454 1585 5509 Et
1599 5454 1678 5510 rultis
1696 5469 1776 5511 uossc
1789 5456 1900 5511 istarum
1918 5455 2079 5526 compedum

1291 5545 1465 5618 grauitatem?
1484 5544 1547 5600 inde
1564 5544 1678 5600 dicitur:
1693 5543 1790 5614 Corpus
1808 5545 1875 5614 graod
1898 5547 2079 5616 corrumpitur,

1291 5646 1411 5709 appronat
1425 5637 1533 5690 animam
1546 5636 1556 5706 (
1568 5634 1632 5706 Sap.
1647 5650 1688 5702 tx,
1705 5637 1739 5692 15
1749 5635 1767 5706 ).
1783 5635 1895 5704 erando
1910 5636 2034 5693 immines
2053 5638 2080 5692 iu

1292 5729 1389 5786 seculo
1401 5728 1498 5785 dirius
1514 5743 1573 5783 esse
1587 5729 1693 5793 rutum,
1716 5728 1772 5782 istis
1791 5728 1966 5797 compedibus
1978 5744 2080 5800 pannos

1292 5831 1422 5895 qrtmrunt.
1447 5820 1499 5876 Setl
1522 5819 1653 5877 sufficiant
1676 5821 1754 5890 panni
1779 5819 1961 5890 compedum:
1979 5831 2081 5876 tantum

1325 5981 1332 6010 ¹
1351 5979 1387 6026 sie
1397 5976 1504 6027 melioris
1514 5984 1578 6027 note
1589 5982 1641 6026 tiss.
1655 5975 1704 6032 1111,
1714 5974 1842 6036 inlautum
1851 5983 1911 6038 post,
1920 5985 1968 6027 etc.
1981 5987 2005 6025 at
2015 5977 2081 6035 tall,

1294 6054 1349 6090 mun
1360 6037 1426 6089 illrum
1437 6046 1618 6099 paramesen
1636 6047 1713 6098 reete,
1733 6040 1778 6089 nisi
1796 6038 1863 6089 iltruu
1881 6042 1977 6091 reterns
1994 6041 2026 6092 sd
2047 6041 2081 6091 ti·

1295 6103 1366 6153 dcuu
1376 6103 1466 6163 irrepcs,
1478 6107 1524 6150 cte.
