5025 6925
443 674 478 732 59

439 787 579 842 emanavit.
594 787 721 855 Quocirca
740 800 843 842 memor
865 781 1024 840 infirmitatis
1047 795 1112 835 nteae
1125 822 1132 840 .
1147 793 1220 833 mare

440 858 521 920 ipsius
541 857 712 928 quorumdam
739 859 898 927 psalmorum
924 854 1042 908 fontibus
1063 850 1220 921 profusum,

438 927 525 981 «lisina
553 928 733 982 misericordia
760 928 904 997 largiente,
933 926 966 980 ln
981 923 1078 977 rivulos
1108 919 1221 973 cariosus

438 998 623 1065 eunrpendiosa
634 999 762 1053 brevitate
773 998 871 1052 deduxi
882 1038 889 1061 ,
900 1012 953 1048 uno
963 993 1054 1049 codice
1065 1002 1117 1046 tam
1128 990 1222 1044 diffusa

439 1068 616 1134 centuplectens
628 1108 635 1131 ,
649 1083 708 1137 qum
721 1069 764 1122 ille
780 1070 805 1122 in
822 1066 935 1123 decadas
947 1064 1098 1134 quindecim
1114 1061 1221 1114 mirabi-

440 1134 500 1189 liter
512 1138 661 1204 esplienrit.
675 1137 745 1201 Sed,
762 1148 790 1192 ut
802 1138 908 1208 qnidam
922 1134 955 1190 de
972 1135 1085 1188 llurnero
1099 1132 1154 1191 ait,
1170 1130 1223 1184 tale

440 1211 482 1259 est
503 1205 537 1261 de
558 1205 616 1276 eius
634 1223 713 1262 sensu
738 1208 836 1278 aliquid
860 1208 1015 1275 subripere.
1030 1202 1107 1272 quale
1121 1200 1223 1255 llerenli

438 1274 542 1330 claram
556 1284 590 1331 dc
603 1293 682 1332 marm
699 1278 790 1333 tollere
800 1279 848 1349 (a).
864 1278 911 1331 Est
923 1277 993 1332 entim
1009 1274 1153 1329 litterarum
1167 1286 1224 1325 nnn

470 1403 655 1469 (almachius,
667 1408 709 1457 lib.
722 1407 859 1459 ssatnrml.
867 1422 889 1459 e.
901 1409 926 1458 5.

1153 655 1344 716 PRAEFATlO.

2019 658 2056 715 oo

1263 774 1346 830 nium
1360 774 1484 856 magister
1495 774 1632 845 egregius,
1648 786 1676 829 et
1687 773 1757 843 quod
1776 775 1802 829 in
1823 778 1942 833 ubertate
1962 791 2052 829 rarum

1274 856 1333 911 est,
1349 846 1514 899 cautusimns
1528 845 1684 913 disputator.
1699 846 1815 899 Decurrit
1825 849 1918 916 quippe
1932 858 2055 913 tanquam

1274 915 1332 969 fons
1346 916 1499 984 punissimus
1510 916 1579 969 nulla
1595 914 1657 969 face
1668 915 1800 984 pollutus,
1813 918 1857 970 scd
1870 920 1894 970 in
1906 917 2056 984 integritate

1276 986 1335 1040 lidei
1351 1000 1540 1055 perseverans,
1555 986 1638 1038 nescit
1652 985 1784 1039 hereticis
1796 986 1858 1041 darc
1873 988 1940 1041 unde
1954 1001 1982 1039 se
1996 1000 2059 1053 pos-

1275 1056 1326 1110 sint
1340 1052 1785 1124 aliquacolluctationedefendere.
1797 1055 1879 1110 Totius
1890 1057 2035 1110 catlttrliens
2050 1095 2058 1119 ,

1276 1135 1345 1179 tutus
1368 1125 1531 1180 orthodoxus
1547 1124 1700 1190 inuenitur,
1720 1137 1747 1180 et
1765 1126 1790 1179 in
1817 1125 1932 1180 Ecclesia
1955 1126 2061 1179 Donnini

1276 1197 1431 1320 suavissilmo
1444 1196 1529 1251 nitore
1541 1194 1730 1266 resplendens,
1741 1196 1967 1278 superni-luminis
1979 1196 2058 1250 elari-

1277 1276 1330 1321 tate
1346 1281 1373 1319 ra
1393 1276 1470 1320 tatur.

1112 1525 1404 1634 VERSUS

659 1711 713 1772 uu
733 1710 935 1773 urrunnun
957 1707 1335 1772 commnrnmonuu
1356 1707 1567 1771 nunusruu
1587 1708 1628 1770 ιι
1648 1707 1837 1788 essenos,

847 1852 1053 1911 CONTENlel
1072 1852 1105 1907 lN
1125 1851 1262 1907 VETERE
1280 1848 1401 1906 (1001OE
1420 1849 1644 1918 COLBERTINO,

477 1992 525 2049 dm
535 1993 614 2047 codici
626 1993 799 2063 propyfoennt,
813 2008 918 2046 camerae
931 1996 1031 2062 forme,
1047 1990 1081 2043 ad
1095 1990 1198 2044 Dnuidis
1220 1989 1431 2056 contpfectenlium
1445 1990 1579 2059 inopinum
1593 1990 1719 2059 appictum
1743 1992 1911 2059 conspicitur,
1935 2003 1958 2045 et
1970 1992 2061 2045 inscri-

442 2071 513 2189 Γιιι
528 2065 567 2118 frit
579 2064 613 2116 ud
627 2064 746 2134 {uerticem
758 2064 837 2145 nerine
851 2063 1014 2145 {baudulfus
1028 2075 1110 2116 ouans
1124 2060 1193 2114 lintre
1207 2060 1324 2115 libellum
1339 2059 1504 2141 fierijussit,
1523 2074 1571 2130 pro
1587 2076 1639 2131 quo
1661 2059 1741 2115 funde
1762 2077 1852 2129 proces
1872 2063 1991 2117 caranina
2016 2064 2062 2134 qul

453 2136 508 2205 egis
519 2175 527 2199 ,
540 2145 587 2189 etc.
601 2134 632 2186 At
645 2149 701 2187 uero
711 2135 743 2187 od
756 2149 872 2203 inruptum
888 2133 962 2204 pedes
972 2148 981 2186 :
993 2131 1073 2187 Orate
1086 2146 1135 2202 pro
1144 2132 1257 2186 duntone
1270 2170 1277 2195 ,
1292 2129 1342 2185 froc
1355 2130 1484 2201 supplico.

471 2269 564 2317 cantica
572 2266 681 2316 fatidico
688 2266 805 2315 christum
815 2261 959 2314 modulantia
968 2263 1073 2327 plectro,

502 2327 629 2390 Explanata
640 2333 709 2377 tenet
716 2328 814 2376 floridus
822 2326 867 2375 istc
876 2325 951 2385 libcr;

472 2390 570 2437 ttaairna
580 2390 707 2439 succinctis
717 2400 830 2437 reserans
840 2387 953 2458 mysteria
963 2386 1058 2446 verbis,

503 2456 530 2499 Et
540 2451 643 2511 profluos
651 2462 738 2500 sensus
748 2450 794 2498 sub
802 2452 921 2498 brevitate
932 2446 1041 2510 loqueos.

460 2516 537 2560 ttunc
546 2512 697 2583 tergestinus,
707 2519 757 2562 toto
769 2509 997 2569 reueraltilisorbe,

502 2578 546 2634 Ψ
588 2587 617 2621 us
629 2572 723 2633 praesul,
737 2572 819 2621 doctor
830 2569 973 2631 appstolicus

472 2638 496 2680 lo
506 2646 553 2695 pop
580 2636 600 2682 is
611 2632 678 2743 larfio
689 2633 825 2681 diffundens
835 2632 933 2680 duanae
945 2629 1047 2692 linguae,

503 2695 638 2755 'terquinis
663 2694 742 2742 ecadis
749 2693 841 2755 grande
850 2693 946 2755 peregit
953 2704 1027 2753 opus;

433 2785 437 2791 -
471 2756 602 2818 bunreupit
611 2763 637 2805 et
649 2762 824 2804 tenuesrerunt
834 2753 1008 2815 comprendere
1019 2751 1118 2811 form,

504 2822 529 2865 ιι
540 2823 647 2866 ruentem
658 2815 737 2878 plebis
747 2828 806 2865 noce
818 2827 917 2864 morere
927 2814 973 2874 pta

471 2880 517 2926 sed
526 2877 582 2940 qula
587 2888 640 2925 rem
651 2879 734 2926 miram
742 2884 815 2940 aupue
823 2878 887 2925 omui
897 2876 991 2925 ratione
998 2872 1134 2934 salubrem,

502 2944 551 2987 uon
562 2951 647 2987 omnes
657 2937 726 2988 auido
737 2938 814 2988 cordis
824 2949 906 2987 amore
917 2943 1013 2999 petuut;

472 3004 545 3047 turmo
560 3001 633 3048 etlam
643 2998 725 3061 plures
734 3011 810 3049 censu
820 3011 943 3061 senstnpre
954 2997 1072 3055 triones,

432 3068 434 3070 ’
501 3060 684 3124 Haudquaquam
693 3067 772 3111 tantas
782 3061 876 3124 quimus
887 3059 1073 3121 liaberegaras:

1308 2268 1358 2311 tluo
1368 2270 1452 2312 uineta
1461 2261 1532 2311 simul
1540 2261 1610 2312 libuit
1619 2264 1784 2326 perstringere
1795 2263 1865 2323 libro,

1338 2329 1365 2374 Et
1375 2324 1478 2373 modicas
1486 2324 1561 2374 undas
1571 2337 1669 2373 sumere.
1679 2324 1711 2373 de
1722 2324 1822 2388 pelago;

1308 2386 1397 2447 saepius
1406 2387 1548 2435 utbreviter
1560 2388 1633 2447 possit
1641 2398 1682 2434 res
1694 2393 1758 2436 tanta
1770 2386 1870 2446 rentrlri,

1339 2454 1386 2495 uec
1397 2448 1570 2509 nimiosumptu
1582 2448 1635 2496 sire
1645 2445 1728 2495 labore
1739 2455 1832 2509 gravet.

1308 2513 1375 2556 ltunc
1385 2509 1466 2569 igitur,
1478 2515 1569 2568 tector,
1579 2521 1652 2558 seusu
1663 2521 1777 2569 percurre
1789 2510 1879 2570 sagaci,

1339 2574 1431 2631 Etmpe
1441 2570 1563 2620 sidereum
1570 2576 1653 2619 noctu
1660 2570 1691 2618 ab
1702 2582 1745 2619 ore
1756 2582 1836 2619 sacre:

1265 2626 1269 2634 '
1308 2628 1372 2687 Quod
1383 2637 1479 2679 remeat
1488 2637 1592 2689 mentes,
1604 2630 1667 2693 quod
1678 2643 1758 2680 mores
1769 2633 1852 2679 terunt
1864 2637 1888 2680 et
1899 2639 1985 2687 arum:

1301 2750 1303 2753 y
1339 2690 1405 2740 Unde
1416 2691 1512 2740 trabunt
1523 2693 1587 2740 uires
1597 2704 1663 2753 spes,
1675 2704 1740 2740 mnne
1751 2700 1823 2754 atique
1835 2692 1902 2741 ferles.
1996 2745 2003 2754 ,

1268 2785 1270 2790 .
1308 2757 1364 2799 nam
1373 2758 1438 2801 oeus
1447 2752 1486 2802 liic
1496 2751 1604 2801 clemens
1614 2753 1877 2813 reverendapruesidet
1887 2767 1966 2814 arcu,

1339 2820 1394 2870 tiata*¹
1404 2811 1490 2875 duplici
1502 2811 1581 2863 talrtda
1590 2815 1643 2874 jura
1652 2826 1755 2874 superna
1764 2820 1847 2862 tenet:

1282 2908 1287 2923 .
1310 2879 1432 2923 austeram
1444 2875 1534 2936 virgam
1542 2887 1634 2923 nunnae
1644 2873 1771 2923 dulcedine
1782 2876 1878 2934 sedans,

1340 2935 1490 2997 propitioque
1500 2948 1573 2997 supter
1584 2937 1681 2984 numine
1692 2944 1775 2984 cuneta
1787 2942 1874 2996 trepens
1886 2951 1892 2987 :

1308 3001 1384 3058 Atque
1393 2995 1454 3045 duos
1464 2997 1527 3046 inter
1534 2997 1680 3045 cherubinos
1687 3009 1746 3045 rece
1757 3000 1880 3047 uenteuda

1341 3062 1440 3118 intonat,
1453 3063 1479 3108 et
1489 3058 1563 3121 rapidi
1574 3056 1674 3122 fulguris
1682 3059 1739 3121 igne
1750 3060 1828 3107 nrieat.

640 3199 990 3275 FRANGISOUS
1008 3196 1364 3287 PETRARGHA,
1385 3198 1541 3270 soilli.
1574 3198 1863 3300 Boconclt),

767 3356 812 3411 uu
831 3353 1013 3411 suousruu
1032 3352 1066 3409 ιι
1084 3350 1236 3409 mutuos
1254 3351 1368 3411 orunu
1387 3354 1451 3412 smr
1470 3354 1680 3413 rnsnsursso
1700 3359 1746 3421 (a).

478 3491 564 3547 beasti
578 3507 621 3547 nte
635 3506 745 3546 munere
758 3490 896 3560 magnifico
909 3497 934 3544 et
949 3486 1056 3556 insigni.
1073 3485 1131 3541 lam
1148 3485 1227 3540 llari·

443 3563 531 3617 dierunt
546 3564 653 3632 pelagus
666 3562 783 3615 securior
797 3561 924 3628 nauigabo
945 3575 952 3612 ε
974 3557 1064 3611 vitabo
1085 3556 1224 3625 scopulos;

444 3649 529 3702 ireque
542 3632 682 3687 verborum
704 3630 837 3691 fluetibus,
858 3644 942 3698 neque
964 3627 1106 3682 fractarum
1120 3633 1228 3680 senteu-

438 3702 542 3757 'tiarrnn
553 3702 690 3757 collisione
703 3700 831 3756 terrebor.
842 3698 963 3755 Solebam
975 3696 1039 3768 ipsis
1052 3696 1118 3751 meis
1127 3695 1228 3751 viribus

445 3774 471 3827 in
486 3773 568 3827 altuni
582 3773 639 3836 niti,
656 3780 682 3826 et
699 3787 768 3826 ntrttc
787 3770 864 3824 altius
880 3769 987 3822 brachia
1003 3766 1136 3836 jactando,
1158 3781 1229 3821 nuuc

444 3859 533 3897 assere
555 3843 661 3896 fortuito
673 3842 818 3906 subnixus,
835 3855 881 3909 pur
893 3839 1027 3893 obstantes
1047 3837 1141 3892 lluctus
1156 3835 1228 3892 fesso

448 3913 553 3981 ingenio
575 3913 718 3967 lalrorarc:
741 3913 776 3964 ita
799 3910 905 3979 quidem
925 3919 954 3964 ut
976 3922 1047 3978 saepe
1066 3922 1127 3962 cum
1149 3907 1228 3962 Petro

449 3985 530 4054 rnergi
546 3983 673 4052 incipiens
686 3981 870 4039 exclamarem.
886 3979 1003 4043 Dominae,
1022 3976 1120 4032 saluum
1136 3993 1176 4030 me
1187 3980 1229 4046 {nc

424 4073 428 4081 ·
445 4054 551 4120 (battle.
563 4070 617 4117 ιιι,
629 4053 674 4122 50)
685 4071 691 4106 :
703 4060 730 4105 et
741 4068 811 4119 saepe
822 4066 881 4105 curn
893 4049 999 4104 Christo
1011 4062 1119 4102 manum
1129 4047 1228 4117 suppli.

445 4124 520 4179 cibus
533 4125 684 4195 porrigente
695 4136 891 4191 consurgerem.
908 4119 961 4174 llos
975 4119 1045 4177 tntu
1057 4127 1147 4180 aestus,
1162 4133 1229 4186 pup-

449 4197 501 4263 pim
522 4205 549 4249 tu
573 4195 637 4247 ntilri
661 4191 828 4263 prevalidanr
848 4200 876 4246 et
895 4189 1048 4245 nauclerum
1071 4187 1228 4243 industrium

448 4264 596 4330 destinasti,
608 4264 689 4318 diuini
700 4262 796 4332 ingenii
809 4263 982 4330 augustinum
994 4277 1001 4313 t
1013 4259 1088 4328 cuijus
1097 4273 1164 4327 opus
1177 4258 1229 4312 im·

448 4349 587 4398 niernum,
609 4333 680 4403 qnod
694 4333 771 4401 uulgo
787 4340 839 4386 tres
852 4333 878 4387 iu
893 4339 999 4401 parles,
1014 4328 1084 4400 apud
1099 4328 1227 4398 quosdam

447 4402 608 4472 plurifariam
630 4404 753 4465 divisum,
773 4402 862 4456 multis
884 4411 911 4457 et
931 4401 1033 4471 maguis
1052 4399 1230 4455 uoluminibus

446 4473 607 4532 continetur.
622 4483 706 4526 totum
730 4487 783 4527 uno
804 4472 935 4526 volumine
946 4469 1167 4540 comprehensum
1179 4468 1229 4540 (b),

448 4553 476 4597 et
491 4559 505 4596 a
520 4553 545 4596 te
565 4541 628 4597 mihi
645 4543 826 4595 transmissum
841 4542 917 4596 laetus
936 4550 1098 4609 stupensque
1112 4540 1227 4608 suscepi.

449 4613 484 4669 lit
496 4613 549 4667 dixi
573 4627 687 4673 mecum,
702 4611 757 4665 Nun
779 4619 821 4665 est
835 4613 935 4667 inertias
956 4613 1030 4665 locus
1045 4627 1052 4664 ι
1067 4609 1088 4662 si
1103 4608 1165 4677 quid
1180 4609 1228 4664 otii

448 4682 589 4753 supererit,
597 4683 647 4737 iste
655 4682 787 4735 inscanter.
798 4681 903 4750 llagnus
911 4681 985 4737 adest
994 4679 1089 4748 hospes
1098 4688 1124 4733 et
1132 4692 1228 4747 magno

448 4754 581 4810 eutrandus
595 4753 719 4823 impedio.
744 4751 862 4804 Dormire
876 4754 936 4805 totis
949 4750 1071 4806 noctibus
1082 4764 1135 4803 non
1148 4749 1228 4803 sinet.

450 4826 558 4880 Frustra
570 4824 663 4892 jacetis
677 4821 763 4874 aillnre
777 4820 925 4888 conjunctis
936 4821 1023 4875 oculis
1039 4838 1046 4877 ι
1069 4821 1094 4874 ti
1113 4818 1230 4889 ilandum

449 4905 502 4963 cst,
518 4893 706 4950 lucubrandum
721 4903 773 4945 cst.
798 4891 904 4944 Frustra
917 4891 1030 4960 quietern
1044 4905 1069 4944 m
1107 4889 1206 4950 itamini
1223 4907 1229 4943 :

451 4965 623 5021 laborandum
646 4973 696 5018 est.
721 4960 818 5015 Verum
842 4961 926 5015 dicam
951 4978 959 5013 ι
982 4961 1065 5014 Nemo
1086 4976 1118 5014 ex
1141 4960 1232 5015 amicis

447 5037 523 5090 illurn
537 5033 783 5103 sineadtniratiune
796 5032 921 5099 respexit,
932 5031 1033 5084 cernetis
1044 5047 1094 5085 urm
1105 5044 1170 5085 uoce
1194 5039 1234 5086 le-

451 5106 591 5172 stantibns,
608 5120 740 5174 nunqnam
755 5118 784 5157 se
804 5104 897 5156 librum
906 5101 969 5154 tanti
989 5103 1107 5169 corporis
1125 5101 1231 5157 vidisse.

450 5176 524 5244 Qrtod
544 5175 576 5229 de
591 5191 632 5228 me
648 5177 704 5246 ipse
719 5173 852 5243 profiteor.
868 5187 956 5226 rerunt
978 5172 1067 5224 talium
1084 5170 1153 5225 ltaud
1169 5172 1233 5226 ulti·

451 5260 510 5300 tntis
524 5246 662 5315 inquisitor
676 5262 683 5296 ι
699 5260 747 5299 nec
761 5245 830 5298 triole
844 5243 1000 5300 litterarum.
1016 5257 1093 5311 quant
1106 5257 1235 5298 scansurum

452 5316 580 5380 ubertate,
599 5315 682 5384 majus
696 5330 772 5384 opus.
788 5313 932 5369 llonstrurn
948 5321 989 5366 est
1000 5313 1126 5380 etrgitarc,
1147 5328 1233 5381 qtutn·

452 5395 495 5441 tus
516 5385 622 5440 illevit
644 5387 758 5454 ingenio,
779 5394 892 5454 quantus
909 5384 996 5437 studio
1011 5382 1074 5446 luit:
1097 5383 1168 5438 unde
1190 5384 1234 5438 ille

452 5456 539 5511 ferror
553 5456 718 5525 impetusque
732 5455 866 5510 scribendi
887 5463 979 5508 sancto
998 5452 1071 5518 Viro,
1087 5453 1130 5506 illa
1144 5469 1234 5509 rernm

451 5526 598 5581 divinarum
625 5525 718 5580 notitia
748 5526 862 5580 terrenis
885 5524 930 5579 diu
965 5524 1077 5594 primum
1103 5523 1233 5579 illecebris

451 5608 538 5666 capto,
552 5596 594 5650 illa
607 5595 711 5650 demum
726 5595 844 5648 laborum
859 5595 982 5661 patientia
996 5595 1063 5659 seni,
1076 5593 1137 5648 illud
1151 5595 1232 5647 otitnn

453 5666 591 5738 episcopo,
604 5665 648 5720 illa
668 5664 778 5719 Romani
800 5665 897 5734 eloquii
912 5665 1021 5719 facultas
1035 5665 1097 5717 Afro
1116 5665 1232 5728 laotrrini;

426 5782 434 5800 .
454 5737 488 5793 de
508 5751 561 5806 quo
581 5737 687 5807 proprie
707 5734 805 5788 dictum
826 5745 911 5803 putes,
931 5735 1001 5802 quod
1023 5735 1078 5806 ipse
1097 5735 1132 5789 de
1146 5735 1233 5789 llarca

455 5805 576 5863 Varrone
595 5807 680 5870 dixit,
696 5802 885 5860 Terentianum
905 5814 1034 5859 seruitus:
1054 5802 1116 5867 Vir,
1141 5805 1231 5875 inquit,

452 5879 611 5934 nocturnus
624 5876 795 5946 undecunque
812 5872 907 5938 Varro,
928 5875 971 5944 qui
988 5885 1039 5928 tum
1057 5874 1137 5927 uiuite
1156 5876 1233 5946 lenit,

484 6031 838 6158 {diupistlariarffleelib
917 6091 946 6101 ..
1164 6091 1170 6102 .

435 6171 443 6193 ι
479 6098 594 6214 'eamd
613 6111 690 6171 tirsum
708 6108 771 6167 nuuc
789 6108 814 6147 ut
831 6093 880 6142 duo
899 6090 1001 6186 diuisum
1018 6097 1187 6165 assertauum
1199 6091 1248 6167 ol,

451 6163 477 6216 bl
530 6174 573 6213 cot
584 6169 662 6226 nepta.
674 6165 765 6222 ursptcc
775 6162 828 6208 llss.
839 6151 958 6217 situum
967 6151 1042 6214 toln,
1061 6150 1109 6202 col.
1118 6149 1202 6202 tta-oo.

1282 3495 1309 3542 ιιι
1323 3488 1419 3557 aliquid
1436 3492 1461 3544 ei
1475 3489 1581 3544 scribere
1600 3491 1724 3544 encaenia
1736 3491 1868 3555 austrannus
1883 3503 1906 3547 et
1921 3505 1971 3545 turn
1986 3494 2064 3547 rrrrrltn

1282 3559 1392 3628 scripsit,
1405 3576 1481 3627 qrtum
1492 3560 1571 3614 unfra
1584 3562 1625 3615 trix
1637 3578 1783 3630 paterniquunt
1797 3565 1876 3631 qurrc
1890 3581 1960 3630 porse
1972 3566 2063 3616 ιιιίιιι-

1280 3644 1337 3683 utus
1351 3629 1398 3699 (a).
1414 3629 1467 3686 sed
1481 3639 1521 3702 ttt
1538 3632 1589 3685 alio
1616 3632 1734 3685 omittunt
1750 3633 1867 3698 ejttsdern
1893 3635 1989 3699 inigenii
2006 3651 2064 3686 tritr-

1281 3708 1421 3764 numenta,
1436 3715 1484 3756 sen
1498 3717 1556 3772 quae
1575 3701 1658 3779 multa
1676 3710 1737 3756 sunt
1751 3703 1832 3763 urilti,
1849 3717 1895 3756 sen
1908 3704 2003 3771 quilius
2016 3705 2063 3755 ad-

1271 3767 1333 3829 buc
1353 3785 1451 3836 careo;
1477 3780 1504 3826 et
1527 3786 1650 3836 rursum,
1678 3787 1724 3827 sen
1751 3789 1810 3840 quiae
1834 3772 2061 3827 Retraetatinnnnr

1280 3853 1386 3895 suarum
1402 3841 1475 3896 libris
1490 3842 1545 3910 ipse
1558 3841 1626 3897 idem
1640 3854 1828 3897 counnemorat
1840 3858 1885 3898 sen
1900 3860 1958 3911 qnae
1972 3844 2007 3896 ilii
2022 3846 2062 3896 iel

1280 3909 1361 3965 oblita
1371 3909 1448 3978 forle,
1457 3912 1498 3966 vei
1512 3913 1639 3982 neglectu,
1652 3912 1693 3967 tel
1702 3912 1816 3967 trundum
1835 3915 1930 3980 scripta
1949 3925 2060 3979 penter-

1281 3978 1328 4046 iit,
1348 3989 1427 4052 atque
1451 3983 1542 4036 omnia
1554 3984 1722 4052 relegendum
1738 3983 1790 4036 uita
1806 3984 1918 4036 litttnana
1931 3986 1972 4036 nia·
1987 3985 2063 4037 sulti·

1280 4051 1317 4105 cit
1331 4070 1337 4106 :
1352 4053 1410 4122 quis
1424 4067 1496 4119 oum,
1512 4053 1534 4106 si
1548 4051 1613 4106 ntlut
1626 4052 1695 4106 aliud
1709 4069 1724 4106 c
1743 4054 1815 4115 isset,
1833 4070 1912 4108 unttm
1929 4053 1979 4106 ltoe
1993 4057 2062 4106 seri-

1280 4119 1343 4176 bere
1399 4123 1479 4177 tuisse
1499 4136 1550 4176 non
1572 4123 1693 4190 stupeat?
1714 4069 1820 4178 Eullum
1843 4139 1923 4178 tinum
1938 4133 1965 4177 rt
1985 4129 2064 4176 tritius

1280 4205 1347 4263 opus
1380 4193 1474 4248 ominis
1484 4192 1573 4247 latinis
1585 4192 1683 4247 editum
1697 4193 1801 4259 litteris,
1814 4195 1874 4248 truie
1888 4196 2062 4262 tnapnitndini

1280 4262 1469 4318 conferendum
1480 4263 1546 4330 seio,
1560 4263 1609 4318 nisi
1622 4263 1690 4318 forte
1703 4264 1738 4318 sit
1751 4266 1817 4319 alter
1826 4265 1943 4330 ejusdem
1958 4265 2024 4317 litun·
2037 4268 2062 4318 in

1282 4332 1413 4401 Epistulas
1427 4333 1510 4399 Pauli,
1522 4334 1603 4405 quod,
1615 4334 1666 4388 uisi
1680 4332 1747 4389 fallit
1760 4336 1929 4398 existimatio,
1949 4334 2062 4387 fristra·

1282 4412 1375 4474 tnrqne
1392 4405 1520 4459 memoria
1535 4446 1542 4469 ,
1556 4420 1637 4475 prope
1650 4405 1683 4460 ad
1701 4405 1821 4459 eamdent
1836 4406 1980 4459 litterarum
1995 4422 2061 4456 ‹etsis-

1266 4475 1379 4544 periem
1392 4474 1495 4530 videtur
1508 4475 1634 4531 accedere
1648 4493 1655 4530 z
1675 4477 1716 4530 uel
1734 4477 1785 4530 Titi
1799 4476 1863 4530 Livii
1881 4477 2056 4527 latrinarrarnn

1282 4558 1371 4599 rerum
1387 4545 1454 4600 liber
1467 4546 1577 4614 ingens,
1598 4561 1674 4614 quem
1695 4547 1721 4599 in
1737 4557 1842 4614 partes,
1858 4561 1922 4612 quas
1946 4546 2063 4600 lton-ades

1281 4623 1386 4679 uocant,
1400 4631 1453 4669 non
1468 4615 1524 4684 ipse
1537 4616 1580 4684 qui
1594 4617 1707 4686 scripsit,
1716 4614 1762 4669 sed
1771 4613 1905 4668 fastidiosa
1919 4615 2062 4681 legentium

1282 4684 1359 4739 scidit
1374 4685 1486 4754 ignavia.
1507 4684 1574 4739 lluic
1593 4686 1637 4738 tali
1657 4685 1779 4739 antelata
1803 4694 1852 4736 tua
1867 4685 1951 4744 dmin,
1969 4696 2064 4752 pra-nr

1260 4769 1342 4808 ¹eam
1362 4769 1439 4823 qoam
1455 4753 1549 4824 loquor
1568 4755 1789 4823 magnitudinem,
1805 4765 1832 4808 et
1853 4754 1910 4808 lilui
1926 4756 2015 4814 ‹lt-eor.
2038 4768 2065 4809 et.

1282 4825 1433 4879 vetustioris
1448 4825 1542 4879 litteras
1556 4825 1690 4891 majestas.
1704 4833 1731 4878 et
1746 4825 1832 4879 inmunis
1844 4826 1948 4878 sulit-ins
1961 4827 2064 4879 :rendit

1283 4903 1409 4960 ornatus;
1422 4904 1451 4949 ut
1462 4896 1623 4950 cumoculos
1636 4895 1671 4949 ibi
1682 4894 1761 4965 figere
1773 4896 1909 4962 coeperim,
1922 4896 2065 4949 siticulosae

1284 4963 1412 5020 hirudinis
1429 4967 1455 5019 in
1466 4979 1568 5020 morem
1581 4980 1708 5034 nequeant
1721 4965 1769 5017 uisi
1781 4965 1873 5034 plenos
1886 4966 2010 5019 avellere.
2028 4968 2064 5021 lta

1285 5034 1348 5089 nrilti
1364 5051 1435 5106 saepe
1446 5036 1502 5091 dies
1517 5036 1667 5106 impransus
1679 5035 1880 5105 praeterlabitur,
1895 5052 1946 5089 nrm
1961 5038 2060 5089 ursoni·

1285 5106 1326 5162 nis
1340 5125 1347 5160 :
1361 5107 1388 5161 in
1401 5122 1453 5177 quo
1462 5107 1568 5177 quidem
1582 5106 1747 5161 delectationi
1761 5121 1836 5169 ritem,
1850 5121 1926 5177 quarn
1939 5106 1993 5172 jani
2009 5105 2065 5161 fere

1285 5178 1400 5241 unicam,
1423 5192 1473 5233 uec
1495 5176 1545 5231 nisi
1567 5190 1600 5231 ex
1624 5177 1768 5241 litterarum
1793 5177 1903 5230 lectione
1925 5177 2065 5245 percipio,

1285 5257 1410 5314 quianttnn
1425 5247 1475 5303 bae
1494 5257 1538 5301 tua
1558 5247 1713 5301 liberalitate
1727 5248 1760 5299 sit
1773 5247 1902 5312 additum,
1919 5261 1970 5299 non
1987 5245 2065 5300 lat-ile

1284 5319 1377 5388 nailqus
1390 5319 1531 5383 existimet,
1542 5318 1583 5372 cui
1594 5329 1667 5371 extra
1678 5331 1820 5385 corporeos
1829 5331 1922 5371 sensns
1933 5317 2003 5369 nulla
2017 5332 2066 5367 err-

1285 5387 1372 5456 luptas
1384 5398 1424 5444 est
1444 5406 1452 5442 z
1471 5396 1502 5443 tu
1514 5402 1578 5442 tero
1599 5387 1740 5455 perlacile;
1755 5402 1839 5458 neque
1854 5386 1984 5441 mirabere
2004 5386 2065 5440 lilni

1287 5459 1514 5524 tnrjnsadnentum
1527 5473 1569 5512 me
1580 5458 1698 5512 sitienter
1710 5467 1788 5526 atque
1798 5457 1874 5512 anxie
1884 5467 2063 5527 exspectasse.

1286 5528 1343 5583 Scis
1359 5540 1386 5583 ut
1399 5528 1535 5597 cupiditati
1549 5529 1625 5597 longa
1638 5528 1762 5594 brevitas,
1776 5527 1908 5583 festinatio
1923 5527 1997 5581 tarda
2012 5536 2065 5581 est.

1286 5599 1360 5667 Qnrttd
1374 5600 1396 5655 si
1408 5599 1476 5669 apud
1491 5598 1620 5654 Nasonem
1634 5600 1746 5651 auranitis
1760 5599 1842 5652 insani
1856 5598 1964 5651 verbum
1977 5609 2029 5664 cst,

1335 5687 1346 5714 ι
1357 5670 1460 5732 septima
1470 5682 1519 5720 uox
1526 5670 1613 5732 aglttu,
1624 5669 1726 5731 spatium
1737 5667 1793 5716 milui
1803 5666 1897 5730 longius
1907 5679 1979 5716 anno.
1990 5683 2001 5711 s

1285 5731 1357 5801 qnod
1371 5731 1435 5785 mibi
1456 5733 1541 5784 visum
1557 5741 1649 5800 putas,
1665 5730 1707 5784 eni
1721 5731 1788 5784 iuter
1800 5729 2024 5799 exspectandum,
2040 5739 2068 5786 ut

1286 5818 1318 5856 ex
1332 5816 1443 5872 persona
1455 5799 1563 5856 alterius
1577 5800 1613 5854 ait
1626 5801 1706 5865 idem,

1334 5899 1418 5944 «tuna
1429 5898 1514 5957 quater
1525 5891 1602 5953 bfuit,
1612 5898 1662 5942 totu
1697 5898 1758 5943 uter
1768 5890 1827 5940 orbe
1839 5891 1946 5939 recrevit
1954 5890 1988 5941 ts

1622 5953 1674 6015 (oui
1694 5952 1818 6012 .t1eroid.,
1830 5951 1897 6014 epist.
1911 5951 1946 6014 Ξ.)

1286 6037 1358 6095 Solet
1372 6038 1480 6092 lrortesta
1495 6037 1656 6107 cupientium
1671 6035 1776 6090 flamma
1791 6035 1909 6091 serenior
1923 6049 1994 6106 esse,
2011 6050 2063 6092 nou

1275 6168 1279 6173 ·
1315 6149 1353 6213 (a)
1365 6148 1413 6201 ub.
1424 6145 1723 6213 adeuntt.oet,up.t.
