5025 6925
488 636 503 665 Γ

488 752 527 800 (ιι
539 763 580 799 um
597 754 711 813 grisium,
735 738 823 793 multis
843 753 889 805 per
903 734 1079 790 adulterinum
1098 731 1268 801 amplexum:

488 841 521 893 ιιΙι
536 840 574 892 liis
588 836 708 890 urrrnilms
720 832 836 899 qrriuque
855 829 942 897 januis
955 825 1130 894 corruptionis
1151 823 1271 891 quicum·

488 946 540 999 goe
553 944 581 981 sc
594 926 739 983 enutiuem.
754 923 831 976 etsie
844 920 980 975 continent
993 926 1020 972 ιιι
1035 918 1062 970 in
1077 931 1123 969 sua
1136 914 1271 968 couscien-

489 1021 525 1075 tia
546 1018 655 1089 gloriam
671 1014 794 1079 liaomnt,
810 1029 861 1066 riou
885 1010 987 1065 laudem
1001 1009 1035 1061 ab
1056 1006 1206 1060 liominilms
1227 1018 1275 1057 ex·

403 1161 408 1168 .
490 1119 618 1179 spirarent,
635 1108 750 1177 quinque
771 1114 833 1161 snm
854 1103 969 1169 virgines
989 1100 1131 1169 sapientes,
1146 1095 1274 1150 ualentes

490 1202 576 1255 oleum
588 1212 688 1252 secum.
703 1196 769 1263 Quid
785 1204 834 1258 est,
849 1194 936 1247 oleum
949 1190 1077 1245 lralteutes
1089 1203 1178 1243 secum
1188 1186 1200 1239 ‘l
1212 1184 1275 1240 Glo-

492 1292 528 1347 ria
542 1298 632 1344 nostra
654 1287 711 1341 liae
723 1296 774 1352 est,
796 1284 973 1339 testimonium
987 1280 1157 1337 conscientian
1178 1284 1275 1331 nostrae

492 1381 524 1453 (ΙΙ
533 1381 590 1435 Cor.
600 1397 618 1446 ι,
628 1379 685 1449 li).
695 1372 1075 1445 ltrrrsusillequiapmliuleros
1089 1370 1274 1440 torquebatur:

494 1474 591 1537 lluieo,
609 1473 702 1543 iuquit,
716 1472 824 1541 peringero
838 1472 927 1541 fratres
942 1468 1017 1538 (Luc.
1033 1481 1086 1528 ιιι,
1101 1464 1157 1533 28).
1181 1462 1217 1516 tut
1234 1461 1275 1513 in·

492 1564 618 1634 telligitur
633 1562 744 1633 populus
765 1562 915 1617 iudeorum
937 1560 986 1613 suli
1006 1559 1063 1627 lege
1079 1555 1177 1625 positus
1195 1569 1201 1605 :
1216 1551 1276 1625 quia

493 1654 596 1728 liriyses
621 1654 754 1725 legislator
779 1653 892 1721 utrinque
916 1650 997 1705 libros
1019 1646 1184 1713 cnirscripsit.
1214 1642 1277 1694 ltem

493 1748 620 1802 llominus
636 1755 695 1816 post
703 1747 924 1801 resurrectionem
930 1744 1004 1811 iubet
1018 1740 1085 1795 rnitti
1098 1739 1162 1793 retia
1177 1735 1278 1790 iudex-

495 1848 577 1893 tcram
594 1848 710 1907 partem,
726 1837 846 1892 levantur
865 1836 950 1905 pisces
964 1841 1070 1887 centum
1092 1826 1279 1900 urriuquagiuta

495 1937 557 1982 tres.
572 1928 678 1982 Etcum
692 1936 745 1981 tam
767 1926 852 1996 magni
864 1933 963 1989 essent,
978 1923 1014 1976 ait
1026 1919 1198 1991 evangelista,
1213 1916 1279 1970 retia

495 2035 549 2073 uim
562 2027 624 2073 sinit
646 2018 763 2085 disrupta
787 2014 875 2088 (loon.
897 2030 954 2079 xxi,
975 2014 1002 2078 li,
1023 2013 1078 2083 ΙΙ).
1102 2010 1204 2065 Ιίιιιιιίιιι
1219 2016 1281 2061 aute

497 2110 645 2178 passionem
658 2108 737 2177 jussit
749 2109 815 2161 mitti
831 2108 905 2171 retia,
923 2122 974 2160 non
997 2106 1087 2157 diceus
1103 2103 1128 2155 in
1144 2104 1280 2155 dexteram

497 2211 597 2270 partem
614 2216 698 2271 neque
718 2202 744 2254 in
760 2201 894 2255 sinistram
914 2216 921 2251 ε
939 2202 998 2268 qnia
1015 2199 1036 2251 si
1051 2198 1076 2249 iu
1090 2197 1224 2249 dexteram
1239 2193 1281 2246 di·

496 2305 576 2359 cerct,
593 2296 663 2350 solos
678 2296 761 2351 bonos
780 2295 958 2365 significarem
974 2294 994 2346 si
1011 2292 1036 2345 iu
1051 2291 1194 2351 sinistram,
1210 2287 1283 2341 sulus

498 2389 582 2443 nudos
598 2408 604 2443 :
620 2390 763 2444 notamen
787 2395 888 2442 tacetur
908 2385 1016 2439 dextera
1031 2391 1057 2435 et
1070 2380 1185 2445 sinistra,
1208 2378 1281 2432 mixti

496 2481 635 2546 capiuntur
647 2479 708 2533 boni
721 2487 748 2533 et
768 2478 838 2531 mali.
853 2476 927 2545 Capti
944 2485 1003 2528 sunt
1026 2481 1112 2526 autem
1129 2480 1200 2533 tunc,
1216 2470 1284 2522 sicut

500 2571 632 2639 Evangelii
646 2571 742 2624 veriats
755 2578 903 2633 attestatur,
918 2576 970 2620 tam
991 2566 1065 2620 uudti
1080 2575 1109 2617 nt
1131 2564 1195 2618 retia
1209 2578 1282 2615 rum·

499 2672 623 2734 perentur
638 2661 712 2734 (Luc,
732 2676 759 2727 r,
775 2662 814 2731 ti).
837 2659 1005 2729 Signiliealmt
1027 2659 1097 2711 enim
1113 2657 1155 2711 illa
1175 2665 1283 2723 captura

499 2753 549 2808 lmc
560 2767 663 2823 tempus
676 2772 683 2808 ε
696 2764 759 2807 retia
772 2761 847 2822 rupta
858 2750 1039 2820 signiticalraut
1053 2748 1245 2804 conscissiones
1257 2755 1285 2801 et

498 2847 677 2900 conscissuras
700 2845 883 2899 laureticorum
905 2851 932 2898 et
951 2841 1188 2896 schismaticorum.
1209 2838 1285 2905 Quod

498 2949 585 2993 autem
601 2947 659 3007 post
673 2938 893 2991 resurrectionem
909 2950 982 2988 snam
999 2934 1126 2987 Dominus
1141 2930 1211 2997 lecit,
1226 2940 1285 3000 post

499 3030 719 3085 resurrectionem
732 3037 848 3081 nostram
860 3025 935 3080 nolus
949 3026 1064 3079 luturum
1076 3023 1241 3093 signiticarit,
1258 3021 1283 3074 iu

499 3121 544 3173 illo
568 3135 677 3175 numero
692 3120 765 3191 regui
788 3118 927 3182 coelorum,
953 3117 996 3170 nid
1011 3116 1099 3169 nullus
1117 3116 1167 3170 erit
1188 3115 1284 3169 malus.

500 3209 641 3279 l'roptcrea
656 3210 720 3264 retia
735 3225 793 3278 qaia
807 3209 833 3262 iu
847 3208 984 3262 dexteram
1003 3216 1104 3276 partem
1118 3206 1197 3259 missa
1212 3213 1284 3263 sunt.
1301 3238 1304 3242 Δ

499 3301 622 3354 dexteros
643 3308 847 3368 expresserunt,
873 3298 982 3354 remotis
1004 3297 1128 3350 sinistris.
1153 3294 1286 3364 Numquid

500 3369 587 3444 tanim
602 3390 627 3443 in
650 3390 701 3443 illis
715 3388 814 3442 dextris
834 3399 939 3442 eentum
954 3386 1140 3456 quinquaginta
1162 3393 1216 3439 tres
1237 3384 1293 3439 soli.

499 3485 561 3554 justi
575 3484 671 3538 ernntl
685 3482 763 3536 llillia
779 3482 886 3535 millium
907 3479 1042 3551 Scriptura
1055 3479 1185 3552 signilicai
1205 3478 1285 3549 (Dan.

501 3596 547 3644 ιιι,
573 3577 634 3649 ΙΙΙ).
657 3577 749 3646 legite
772 3573 957 3645 Apocalypsin
975 3573 1142 3628 :duodecies
1165 3573 1286 3628 duodena

501 3669 582 3726 millia
605 3664 855 3728 tentassemus
878 3663 1041 3733 intelligitur,
1057 3678 1090 3718 ex
1113 3662 1170 3717 solo
1191 3663 1287 3732 populo

501 3763 652 3820 iudeorum
667 3761 752 3816 iutura
768 3771 829 3813 sum
842 3757 934 3829 (Αροι.
950 3772 993 3818 ιιι,
1016 3757 1055 3825 i).
1069 3755 1202 3811 Attertdite
1215 3771 1287 3808 mar·

503 3867 589 3929 tyrum
611 3854 827 3908 numerositatem
844 3869 850 3904 :
868 3850 923 3907 sola
938 3851 964 3904 in
979 3849 1100 3917 proximo
1113 3864 1173 3919 qum
1192 3847 1288 3902 dicitur

503 3948 586 4004 llassa
596 3945 708 4002 eandida
723 3943 773 4018 (a),
786 3945 844 4013 plus
855 3941 934 3997 ltaliet
946 3956 1024 4012 quam
1038 3951 1145 3996 centum
1159 3941 1289 4011 qtiinqua·

502 4042 573 4112 ginta
591 4048 645 4094 tres
658 4046 796 4109 martyres.
821 4035 958 4091 Postremo
980 4043 1080 4104 septem
1096 4035 1139 4088 illa
1155 4034 1235 4089 millia
1255 4034 1289 4090 de

502 4131 598 4201 qnilms
615 4127 790 4198 respondetur
814 4126 888 4192 Etiae,
905 4126 1005 4196 Reliqui
1018 4125 1081 4178 nrilai
1100 4134 1193 4195 reptem
1209 4125 1290 4180 millio

503 4225 621 4284 virorum,
632 4221 675 4291 qui
687 4236 738 4273 uon
751 4226 912 4273 curvaverunt
924 4234 1005 4290 gerino
1018 4227 1076 4272 onte
1086 4215 1152 4271 Boni
1163 4217 1209 4288 (ΙΙΙ
1225 4218 1287 4288 lleg.

429 4360 436 4381 ,
504 4329 558 4376 xix,
579 4311 633 4384 ts).
657 4312 735 4382 longe
759 4310 837 4365 istum
861 4310 971 4380 piscium
989 4325 1128 4363 numerum
1152 4321 1288 4380 superant.

503 4403 613 4456 Centum
633 4417 696 4471 ergo
716 4401 903 4472 quinquaginta
925 4409 979 4456 tres
1001 4400 1086 4471 pisces
1109 4417 1162 4455 nou
1185 4409 1288 4455 tantum

505 4507 643 4545 munuum
664 4499 815 4547 sauctorum
836 4491 983 4560 significat3
998 4490 1043 4545 scd
1065 4491 1215 4546 uniuersum
1228 4507 1290 4546 san-

504 4595 606 4638 ctorum
619 4591 646 4636 ot
663 4584 794 4650 justorum
815 4598 953 4637 uuuierum
974 4594 1046 4637 certa
1062 4599 1140 4637 causa
1157 4594 1228 4637 tarrto
1242 4601 1290 4639 nu·

506 4689 580 4728 ualere
593 4672 723 4742 siguificat
743 4673 887 4742 Scriptura,
911 4684 939 4727 ut
959 4689 1053 4728 omues
1069 4673 1249 4745 intelligantur
1264 4677 1288 4729 iu

506 4769 559 4821 illis
580 4780 686 4820 remum
707 4767 893 4836 qxriuquagiuta
911 4767 994 4820 trilms
1016 4770 1177 4837 pertinentes
1191 4769 1223 4823 ad
1245 4787 1289 4825 re-

505 4859 696 4915 surrectionem
710 4858 768 4911 ritae
782 4867 898 4912 aeternae.
921 4858 1025 4912 Etenim
1039 4859 1092 4913 Lex
1107 4861 1186 4914 habet
1198 4861 1289 4915 decem

507 4961 656 5020 precepta:
670 4948 785 5019 Spiritus
803 4959 889 5003 autem
912 4950 1014 5018 gratim,
1037 4966 1085 5020 per
1107 4968 1185 5020 mmm
1206 4953 1289 5008 solam

508 5042 562 5096 Lex
577 5043 709 5113 impletur,
720 5041 882 5111 septiformis
894 5040 1072 5111 legiturllsni.
1089 5059 1128 5106 ιι,
1141 5044 1168 5106 ἓ,
1183 5045 1220 5111 5).
1232 5047 1290 5099 llis-

507 5132 646 5188 cutiendus
671 5142 712 5187 est
732 5147 796 5201 ergo
810 5147 946 5193 numerus,
962 5132 1023 5200 quid
1039 5132 1087 5187 sibi
1102 5135 1182 5187 relint
1196 5134 1289 5190 decem

508 5231 535 5277 et
557 5236 658 5291 septem
673 5241 680 5277 ε
695 5224 788 5278 decem
811 5224 837 5277 iu
859 5224 1007 5292 praecptis,
1033 5234 1134 5292 septem
1160 5226 1290 5297 ingratia

508 5312 622 5383 Spiritus
635 5315 717 5369 sancti
730 5331 739 5382 ς
754 5331 800 5385 per
813 5308 891 5385 guam
906 5317 1016 5387 gratiam
1032 5317 1175 5386 implentur
1193 5335 1291 5388 prece·

509 5417 563 5477 pta·
578 5407 672 5460 liccem
687 5423 750 5478 ergo
763 5418 790 5463 et
800 5416 902 5478 septem
915 5417 1005 5464 tenent
1018 5425 1111 5465 orienes
1131 5412 1292 5480 pertinentes

508 5498 542 5554 ad
555 5499 784 5564 resurrectionem,
798 5501 831 5555 ad
842 5499 971 5569 dextram,
983 5503 1015 5557 ad
1029 5520 1137 5574 regnum
1151 5507 1290 5573 emiorum,

453 5606 455 5611 ·
509 5589 541 5645 ad
558 5590 635 5644 vitam
654 5599 799 5657 atemam;
814 5592 840 5647 id
854 5602 894 5648 est
906 5593 1001 5664 Legem
1021 5595 1158 5664 implentes
1173 5613 1220 5667 per
1233 5614 1293 5669 gra·

510 5684 572 5738 tiam
587 5683 711 5753 Spiritus,
726 5699 779 5738 non
793 5685 867 5755 quasi
883 5701 1009 5756 peropus
1028 5703 1104 5744 suum
1119 5700 1164 5744 aut
1177 5706 1223 5760 per
1237 5706 1293 5748 me-

509 5774 589 5830 ritum
603 5788 692 5828 sutrin.
707 5775 802 5830 Decem
816 5784 903 5829 autem
917 5786 943 5828 ιι
954 5788 1067 5846 septem,
1089 5781 1110 5834 si
1124 5797 1246 5838 numeres
1258 5783 1292 5838 ab

510 5880 563 5920 uno
578 5880 660 5935 usque
680 5864 712 5919 ad
734 5866 825 5920 decem
839 5874 867 5920 et
889 5877 1001 5935 septem,
1024 5869 1145 5924 addendo
1167 5887 1292 5928 numeros

509 5972 602 6014 orrirtes
615 5959 754 6028 gradatim,
769 5968 796 6013 ut
808 5957 841 6012 ad
855 5974 934 6012 unum
950 5959 1030 6012 addas
1049 5960 1113 6028 dixu,
1127 5961 1207 6018 addas
1221 5968 1290 6031 trla,

541 6049 579 6112 (ιι)
588 6051 776 6103 flammulas.
788 6048 847 6101 t'lde
856 6055 931 6101 serm.
944 6064 1015 6110 creir,
1026 6063 1049 6098 n.
1063 6049 1087 6100 2.

488 636 534 690 sil
1092 617 1123 676 S.
1143 609 1325 674 udodsrtu'l
1346 612 1496 669 urtseut‘t

2060 606 2116 662 573

1325 726 1407 780 addas
1427 738 1549 796 quintum,
1564 738 1592 780 ιιι
1607 727 1671 781 fiant
1691 727 1793 789 deceni,
1819 726 1941 780 :nlilcmlo
1953 726 2071 794 spirituque
2085 737 2111 780 ut

1326 815 1389 870 liant
1402 817 1562 888 munderici,
1585 818 1707 873 addendo
1726 835 1772 873 sex
1789 829 1817 872 ut
1831 821 1892 872 liaiu
1907 818 1997 888 viginti
2010 833 2113 877 unum,

1326 909 1447 963 addendo
1458 922 1559 978 septem
1575 921 1602 964 ut
1619 910 1681 965 liam
1693 912 1783 981 viginti
1795 920 1865 973 octo,
1878 910 2000 965 addendo
2010 922 2073 964 octo
2086 922 2117 962 ut

1327 1002 1390 1056 liant
1405 1002 1510 1073 triginta
1534 1019 1591 1069 sex,
1614 1004 1734 1058 addendo
1755 1020 1848 1057 norem
1865 1012 1893 1057 ut
1912 1005 1975 1056 liant
1994 1001 2115 1071 qrtadra·

1326 1095 1397 1165 ginta
1411 1097 1537 1165 quinque,
1561 1097 1681 1150 addendo
1694 1096 1785 1152 decem
1808 1105 1836 1150 ut
1850 1095 1912 1149 liunt
1924 1095 2116 1164 xprirnpuaginm

1327 1188 1453 1257 quinque,
1476 1189 1597 1243 adde'ndo
1619 1190 1740 1244 undecim
1762 1200 1790 1244 ut
1810 1190 1873 1243 liant
1892 1190 2027 1259 sexaginta
2047 1203 2117 1252 sex,

1328 1279 1448 1333 addendo
1460 1279 1596 1334 duodecim
1609 1292 1638 1334 ιιι
1652 1282 1714 1333 liam
1726 1282 1890 1351 septuaginta
1903 1290 1973 1343 octo,
1987 1278 2118 1334 addendo

1329 1369 1453 1423 tredecim
1468 1382 1496 1423 ut
1510 1371 1573 1424 liant
1588 1371 1728 1440 normginta
1748 1388 1840 1435 uuum,
1855 1370 1977 1425 addendo
1988 1380 2119 1441 quatuor·

1329 1455 1414 1512 decim
1430 1468 1458 1512 ut
1474 1461 1536 1513 liant
1547 1471 1652 1515 centum
1675 1462 1800 1531 utrinque,
1827 1462 1948 1517 addendo
1963 1462 2119 1532 quindecim

1329 1560 1359 1603 ut
1380 1549 1442 1603 llaut
1456 1562 1562 1605 centnm
1586 1551 1687 1620 viginti,
1710 1552 1833 1607 addendo
1855 1552 1988 1608 sexdecim
2003 1563 2032 1606 ut
2055 1554 2121 1606 liant

1330 1651 1435 1695 centum
1460 1643 1563 1711 triginta
1594 1658 1661 1708 sex,
1684 1642 1806 1698 addendo
1828 1643 1919 1698 decem
1941 1653 1968 1698 et
1990 1655 2121 1715 septem.

1331 1731 1481 1787 efficiuntur
1499 1744 1605 1788 centum
1627 1735 1817 1805 iprinquagintu
1845 1736 1894 1788 tria
1908 1752 1915 1789 ι
1931 1735 2052 1790 invenies
2078 1735 2122 1789 in·

1330 1834 1435 1893 gentem
1451 1841 1589 1879 nunterum
1611 1827 1728 1880 tironium
1752 1838 1903 1880 sauctorum
1925 1827 2065 1894 pertinere
2088 1826 2123 1880 ad

1332 1913 1401 1970 hinrc
1414 1933 1550 1970 numerum
1568 1919 1675 1986 piscium
1690 1933 1844 1987 paucorum.
1860 1919 2000 1985 eromodo
2014 1933 2083 1989 crgo
2096 1920 2122 1972 iu

1332 2010 1446 2080 quinque
1461 2010 1610 2079 virginibus·
1624 2010 1829 2064 imuuucrabilcs
1846 2010 1970 2080 virgines.
1986 2010 2125 2080 quomodo

1333 2102 1359 2157 lu
1372 2104 1488 2173 quitrigue
1498 2102 1622 2159 iratribus
1632 2104 1701 2158 illius
1719 2105 1764 2175 qui
1786 2106 1956 2174 [torquebatur
1970 2105 2039 2174 apud
2055 2106 2124 2160 iufe-

1333 2210 1379 2249 rus
1400 2196 1480 2249 millia
1503 2197 1591 2263 populi
1613 2195 1776 2257 tudinium,
1800 2198 1934 2266 quomodo
1958 2198 1983 2251 in
2007 2214 2127 2253 riixrueru

1334 2295 1439 2339 centum
1454 2287 1639 2356 ipiiuquagiutn
1666 2288 1744 2341 trium
1767 2288 1877 2357 piscium
1902 2288 1984 2341 millia
2009 2288 2126 2343 millium

1334 2388 1484 2431 sanctornm
1500 2396 1506 2432 :
1523 2379 1560 2432 sie
1576 2380 1600 2432 in
1624 2379 1763 2433 dumlecim
1786 2380 1892 2434 sedibus
1915 2397 1965 2435 nou
1980 2382 2127 2437 dtruilecim

1335 2466 1466 2533 horriines,
1482 2471 1526 2524 sed
1543 2486 1652 2539 uiagnus
1665 2480 1706 2525 est
1720 2486 1845 2525 numerus
1864 2470 2054 2540 perlectorum.

1371 2561 1414 2616 li).
1434 2560 1484 2615 Sed
1499 2560 1574 2615 rideo
1589 2562 1650 2631 qnid
1670 2574 1865 2633 consequenter
1886 2564 2036 2633 requiratur
2049 2582 2064 2617 a
2079 2582 2124 2617 rm

1335 2649 1376 2705 his
1390 2671 1395 2705 :
1410 2650 1547 2717 Quomodo
1560 2650 1593 2706 de
1607 2652 1724 2722 quinque
1737 2653 1881 2723 virginibus
1904 2654 2005 2708 reddita
2021 2666 2065 2709 est
2082 2673 2127 2710 ra·

1337 2745 1382 2808 tio.
1397 2762 1478 2814 uitare
1491 2745 1524 2799 ad
1540 2746 1656 2816 quinque
1671 2748 1760 2800 inultm
1774 2748 1971 2814 pertinentiam
1993 2765 2081 2817 uitare
2095 2752 2128 2802 ait

1336 2839 1451 2908 quinque
1465 2839 1523 2892 illos
1536 2838 1610 2892 multi
1631 2837 1725 2901 ludaei,
1740 2848 1767 2893 et
1786 2854 1867 2908 qnme
1880 2839 1912 2892 ad
1925 2849 2032 2894 eentum
2046 2842 2130 2908 quin·

1336 2932 1459 3001 quaginta
1474 2941 1528 2986 tres
1549 2931 1625 2985 multi
1648 2931 1768 3000 perlecti,
1789 2931 1900 2987 ostende
1921 2949 2003 3003 qrrare
2017 2945 2046 2988 ι·ι
2059 2952 2130 3005 quo

1336 3021 1416 3077 modo
1428 3022 1461 3077 ad
1471 3022 1609 3077 duodecim
1619 3024 1704 3087 medes,
1719 3039 1771 3077 non
1782 3023 1920 3079 duodecim
1934 3026 2068 3089 homines.
2081 3030 2130 3083 sed

1336 3116 1412 3194 multi
1429 3116 1589 3185 pertineant.
1603 3115 1671 3183 Quid
1694 3116 1742 3171 sibi
1764 3116 1856 3170 volunt
1872 3116 2010 3173 dirodemn
2026 3120 2129 3182 sedes.

1337 3222 1396 3278 qua
1415 3207 1563 3278 significant
1575 3222 1667 3261 omries
1682 3208 1796 3277 undique
1808 3208 1853 3277 qui
1867 3218 1919 3262 tam
1942 3209 2054 3278 perlecti
2068 3228 2132 3268 esse

1337 3301 1481 3370 potuerint,
1495 3316 1572 3369 nixam
1588 3300 1711 3369 perlectis
1723 3300 1821 3354 dictum
1835 3310 1876 3354 est
1891 3318 1898 3354 :
1914 3300 2040 3355 sedebitis
2053 3320 2134 3373 super

1338 3392 1468 3448 duodecim
1489 3392 1569 3459 aedes,
1581 3393 1725 3466 judicantes
1739 3393 1869 3447 duodecim
1883 3393 1960 3448 tribus
1976 3393 2086 3452 lsrael?
2097 3398 2134 3453 Ει

1337 3502 1419 3558 guare
1454 3501 1548 3542 omnes
1577 3487 1691 3556 undique
1712 3487 1744 3541 ad
1768 3474 1957 3544 camerinum
1986 3507 2133 3547 numerum

1337 3578 1491 3648 pertinent?
1505 3577 1571 3646 Quia
1584 3577 1669 3647 ipsum
1683 3579 1799 3648 undique
1809 3579 1878 3648 qrrud
1889 3579 2009 3644 dicimus,
2024 3582 2062 3637 de
2074 3594 2133 3639 toto

1339 3666 1438 3721 mundo
1452 3667 1565 3722 dieiums
1579 3685 1586 3720 :
1601 3667 1674 3722 orbis
1686 3677 1773 3723 autem
1790 3679 1917 3724 terrarum
1932 3680 2050 3741 quatuor
2063 3674 2135 3730 desi·

1338 3758 1424 3829 gnatis
1437 3758 1553 3828 partibus
1574 3760 1733 3823 continetur,
1747 3762 1859 3825 oriente,
1880 3763 2028 3828 occidente,
2049 3769 2135 3822 meri·

1339 3847 1418 3903 diano
1444 3860 1471 3904 et
1484 3850 1607 3919 aquilone
1622 3868 1630 3905 ι
1645 3850 1679 3904 ab
1702 3849 1743 3904 liis
1762 3853 1884 3907 omnibus
1907 3855 2026 3924 partibus
2042 3862 2135 3914 vocati

1339 3940 1518 4006 ieiunitate,
1537 3949 1566 3996 et
1581 3940 1688 4010 perlecti
1702 3940 1754 3996 ude
1773 3951 1799 3996 et
1822 3953 1953 4013 precepto
1967 3945 2131 4014 Trinitatis,

1339 4031 1463 4101 quoniam
1475 4042 1514 4085 ter
1526 4031 1645 4101 quaterni
1654 4031 1793 4086 duodecim
1805 4033 1880 4099 fiuxit,
1890 4035 2034 4105 agnoscitis
2046 4055 2137 4109 quare

1339 4122 1374 4178 ad
1386 4131 1468 4178 totum
1479 4123 1570 4178 orbem
1582 4124 1731 4194 pertineant
1742 4125 1836 4190 sancti,
1851 4125 1897 4196 qui
1906 4125 2039 4183 sedebunt
2051 4146 2138 4201 super

1339 4214 2138 4294 duodecimsedes-judicaruriuuodecimuiuuslemen«guia
2167 4212 2172 4224 ’

1340 4314 1368 4363 et
1378 4305 1517 4362 duodecim
1531 4307 1614 4361 tribus
1628 4306 1719 4374 lsrael,
1735 4309 1815 4364 totius
1828 4308 1910 4364 lsrael
1921 4309 2068 4368 duodecim
2082 4316 2135 4370 tri-

1341 4401 1391 4458 bus
1402 4410 1474 4458 sunt.
1487 4402 1561 4457 Sicut
1573 4403 1643 4458 enim
1656 4401 1799 4472 judicaturi
1814 4418 1847 4458 ex
1860 4412 1916 4459 toto
1928 4405 2041 4471 mundo,
2057 4410 2139 4465 sicet

1338 4493 1474 4562 judicandi
1485 4510 1518 4549 cx
1530 4503 1584 4550 toto
1595 4495 1705 4551 mundo.
1719 4496 1862 4565 Apostolus
1872 4496 1906 4552 de
1917 4511 1946 4552 se
1959 4497 2062 4554 l’aulus
2074 4516 2139 4555 cum

1341 4595 1463 4656 argueret
1483 4584 1575 4641 ildeles
1597 4586 1689 4652 laicos,
1702 4586 1763 4657 guia
1776 4586 1874 4656 judicia
1897 4603 1943 4642 sua
1959 4603 2014 4644 non
2031 4591 2069 4646 ad
2082 4592 2139 4648 Ec-

1341 4675 1448 4732 clesiam
1459 4675 1622 4743 deserebant,
1635 4676 1683 4732 sed
1694 4675 1727 4730 ad
1740 4677 1872 4747 publicum
1884 4678 2079 4747 pertrahebant
2089 4699 2140 4737 eos

1341 4782 1402 4822 cum
1414 4767 1510 4837 quibus
1521 4766 1655 4822 habebant
1669 4768 1785 4838 negotia,
1800 4768 1837 4822 ait
1852 4786 1858 4820 :
1877 4767 1986 4823 Nescitis
2001 4774 2065 4841 quio
2084 4774 2141 4828 Διι-

1341 4860 1409 4930 gelos
1418 4860 1590 4929 judicabimus
1609 4858 1631 4933 (Ι
1649 4859 1707 4916 Cor.
1722 4875 1759 4927 rt,
1781 4859 1831 4931 dl?
1845 4860 1938 4916 Videte
1957 4863 2140 4932 qucauadmo·

1342 4949 1404 5004 dum
1414 4949 1529 5019 judicem
1538 4949 1651 5014 selccit;
1667 4967 1717 5004 non
1730 4952 1816 5006 solum
1831 4966 1869 5019 sc,
1883 4951 1930 5009 sed
1940 4963 1967 5007 et
1980 4968 2080 5012 curares
2091 4958 2140 5028 qiti

1342 5050 1414 5094 recte
1428 5039 1544 5109 J'mlicaut
1563 5040 1588 5094 in
1606 5041 1734 5094 Ecclesia.

1378 5131 1420 5185 ll.
1436 5129 1501 5186 Cum
1516 5147 1579 5201 ergo
1593 5132 1758 5186 ramnilestum
1773 5133 1817 5200 sit,
1833 5135 1929 5189 multos
1941 5150 2001 5191 eum
2018 5136 2140 5195 Domino

1339 5220 1514 5291 judicaturos,
1528 5222 1594 5277 alios
1607 5238 1680 5289 sero,
1694 5240 1746 5277 non
1767 5233 1853 5279 tanim
1872 5240 2004 5295 exaequo,
2022 5227 2072 5283 sed
2088 5244 2140 5298 pru

1342 5313 1444 5368 meritis
1453 5312 1622 5383 judicandos;
1636 5329 1695 5368 cum
1708 5315 1831 5369 omnibus
1845 5316 1951 5386 Angelis
1964 5316 2021 5372 suis
2035 5318 2143 5379 veniet.'

1342 5406 2137 5480 girandoanteeumcongregabunturomnesgeutes(llottd.

1343 5516 1408 5564 xxv,
1424 5500 1469 5566 sl,
1484 5498 1541 5569 32),
1555 5508 1582 5554 et
1592 5499 1660 5554 inter
1669 5514 1761 5561 omnes
1771 5502 1887 5572 Angelos
1896 5501 2040 5573 deputandi
2055 5519 2138 5561 erunt

1343 5591 1392 5657 illi,
1406 5591 1449 5662 qui
1465 5599 1517 5644 tam
1531 5589 1639 5659 perlecti
1653 5589 1748 5646 luerint
1760 5600 1788 5646 ut
1799 5591 1922 5648 sedentes
1935 5608 2016 5662 super
2029 5594 2135 5651 duode-

1343 5682 1396 5739 cim
1410 5681 1486 5737 scdes
1505 5681 1623 5751 judicent
1645 5681 1782 5769 duodecim
1807 5685 1890 5739 tribus
1911 5684 2003 5741 lsrael.
2029 5687 2138 5744 Etenim

1344 5773 1533 5830 hominesdieti
1547 5783 1608 5828 sum
1618 5774 1703 5843 angeli
1716 5792 1723 5828 ε
1734 5775 1876 5844 Apostolus
1887 5772 1921 5830 de
1930 5789 1960 5830 se
1972 5775 2048 5840 dicit,
2061 5776 2138 5833 siem

1343 5864 1460 5938 angeium
1482 5863 1528 5917 liei
1540 5866 1680 5934 suscepistis
1693 5882 1732 5918 me
1747 5864 1816 5935 (dat.
1832 5882 1870 5931 tv,
1894 5864 1947 5938 ll).
1973 5868 2010 5923 lle
2031 5869 2138 5927 loannc

1344 5959 1461 6028 triptista
1475 5957 1569 6011 dicitur
1580 5975 1586 6011 ε
1598 5955 1661 6011 licre
1671 5959 1740 6010 aritio
1751 5956 1867 6027 arterium
1878 5977 1959 6014 ruerem
1971 5974 2031 6015 nrrte
2043 5963 2137 6032 furiem

1345 6061 1422 6114 tantan,
1436 6047 1477 6118 md
1492 6047 1641 6117 prerpnroliit
1662 6048 1726 6101 rt'ruu
1744 6055 1812 6103 luein
1834 6061 1890 6104 ιιιιιι
1906 6060 1928 6104 tc
1942 6050 2070 6122 (sicilech.
2085 6069 2137 6123 ιιι,
