<?xml version="1.0" encoding="UTF-8"?>
<!DOCTYPE html PUBLIC "-//W3C//DTD XHTML 1.0 Transitional//EN"
    "http://www.w3.org/TR/xhtml1/DTD/xhtml1-transitional.dtd">
<html xmlns="http://www.w3.org/1999/xhtml" xml:lang="en" lang="en">
 <head>
  <title>
</title>
<meta http-equiv="Content-Type" content="text/html;charset=utf-8" />
  <meta name='ocr-system' content='tesseract 3.04.00' />
  <meta name='ocr-capabilities' content='ocr_page ocr_carea ocr_par ocr_line ocrx_word'/>
</head>
<body>
  <div class='ocr_page' id='page_1' title='image "./patrologiaecurs71unkngoog_0490.png"; bbox 0 0 5025 6925; ppageno 0'>
   <div class='ocr_carea' id='block_1_1' title="bbox 450 690 500 750">
    <p class='ocr_par' dir='ltr' id='par_1_1' title="bbox 450 690 500 750">
     <span class='ocr_line' id='line_1_1' title="bbox 450 690 500 750; baseline -0.02 0"><span class='ocrx_word' id='word_1_1' title='bbox 450 690 500 750; x_wconf 63' lang='grc' dir='ltr'><strong>ΩΙ</strong></span> 
     </span>
    </p>
   </div>
   <div class='ocr_carea' id='block_1_2' title="bbox 379 798 1246 5884">
    <p class='ocr_par' dir='ltr' id='par_1_2' title="bbox 379 798 1246 5884">
     <span class='ocr_line' id='line_1_2' title="bbox 448 798 1228 867; baseline -0.028 1"><span class='ocrx_word' id='word_1_2' title='bbox 448 811 514 867; x_wconf 82' lang='lat' dir='ltr'><strong>dere</strong></span> <span class='ocrx_word' id='word_1_3' title='bbox 526 816 658 865; x_wconf 82' lang='lat' dir='ltr'><strong>mmorem</strong></span> <span class='ocrx_word' id='word_1_4' title='bbox 671 814 759 864; x_wconf 85' lang='lat' dir='ltr'><strong>tuum.</strong></span> <span class='ocrx_word' id='word_1_5' title='bbox 773 802 828 857; x_wconf 87' lang='lat' dir='ltr'><strong>noti</strong></span> <span class='ocrx_word' id='word_1_6' title='bbox 838 798 973 855; x_wconf 86' lang='lat' dir='ltr'><strong>attendere</strong></span> <span class='ocrx_word' id='word_1_7' title='bbox 987 798 1096 865; x_wconf 78' lang='lat' dir='ltr'><strong>typhum</strong></span> <span class='ocrx_word' id='word_1_8' title='bbox 1111 798 1137 849; x_wconf 87' lang='lat' dir='ltr'><strong>in</strong></span> <span class='ocrx_word' id='word_1_9' title='bbox 1150 807 1228 866; x_wconf 86' lang='lat' dir='ltr'><strong>quem</strong></span> 
     </span>
     <span class='ocr_line' id='line_1_3' title="bbox 449 889 1230 965; baseline -0.027 -7"><span class='ocrx_word' id='word_1_10' title='bbox 449 904 535 959; x_wconf 82' lang='lat' dir='ltr'><strong>eiatns</strong></span> <span class='ocrx_word' id='word_1_11' title='bbox 544 910 594 965; x_wconf 69' lang='grc' dir='ltr'>εις</span> <span class='ocrx_word' id='word_1_12' title='bbox 608 899 658 953; x_wconf 86' lang='lat' dir='ltr'><strong>etsi</strong></span> <span class='ocrx_word' id='word_1_13' title='bbox 672 906 698 951; x_wconf 91' lang='lat' dir='ltr'><strong>te</strong></span> <span class='ocrx_word' id='word_1_14' title='bbox 708 897 861 949; x_wconf 70' lang='lat' dir='ltr'>circumstat</span> <span class='ocrx_word' id='word_1_15' title='bbox 874 891 982 953; x_wconf 83' lang='lat' dir='ltr'><strong>familia,</strong></span> <span class='ocrx_word' id='word_1_16' title='bbox 997 889 1048 946; x_wconf 83' lang='lat' dir='ltr'><strong>etti</strong></span> <span class='ocrx_word' id='word_1_17' title='bbox 1061 898 1230 942; x_wconf 89' lang='lat' dir='ltr'><strong>numerosum</strong></span> 
     </span>
     <span class='ocr_line' id='line_1_4' title="bbox 445 976 1230 1069; baseline -0.025 -20"><span class='ocrx_word' id='word_1_18' title='bbox 445 992 542 1051; x_wconf 75' lang='lat' dir='ltr'><strong>&#39;aurrrm</strong></span> <span class='ocrx_word' id='word_1_19' title='bbox 552 1001 581 1049; x_wconf 93' lang='grc' dir='ltr'><strong>ει</strong></span> <span class='ocrx_word' id='word_1_20' title='bbox 591 999 740 1061; x_wconf 87' lang='lat' dir='ltr'><strong>argeutum,</strong></span> <span class='ocrx_word' id='word_1_21' title='bbox 751 986 800 1069; x_wconf 79' lang='lat' dir='ltr'><strong>etsi</strong></span> <span class='ocrx_word' id='word_1_22' title='bbox 815 985 910 1039; x_wconf 88' lang='lat' dir='ltr'><strong>demus</strong></span> <span class='ocrx_word' id='word_1_23' title='bbox 923 988 1082 1035; x_wconf 80' lang='lat' dir='ltr'><strong>marmorata</strong></span> <span class='ocrx_word' id='word_1_24' title='bbox 1095 976 1230 1039; x_wconf 88' lang='lat' dir='ltr'><strong>eontinet,</strong></span> 
     </span>
     <span class='ocr_line' id='line_1_5' title="bbox 439 1071 1231 1152; baseline -0.027 -9"><span class='ocrx_word' id='word_1_25' title='bbox 439 1088 499 1144; x_wconf 85' lang='lat' dir='ltr'><strong>&#39;etsi</strong></span> <span class='ocrx_word' id='word_1_26' title='bbox 515 1093 583 1141; x_wconf 85' lang='lat' dir='ltr'><strong>tecta</strong></span> <span class='ocrx_word' id='word_1_27' title='bbox 598 1082 716 1152; x_wconf 79' lang='lat' dir='ltr'><strong>laqueata</strong></span> <span class='ocrx_word' id='word_1_28' title='bbox 731 1084 889 1147; x_wconf 86' lang='lat' dir='ltr'><strong>contegunt,</strong></span> <span class='ocrx_word' id='word_1_29' title='bbox 902 1071 981 1128; x_wconf 87' lang='lat' dir='ltr'><strong>simul</strong></span> <span class='ocrx_word' id='word_1_30' title='bbox 1002 1082 1029 1127; x_wconf 88' lang='lat' dir='ltr'><strong>te</strong></span> <span class='ocrx_word' id='word_1_31' title='bbox 1049 1079 1076 1126; x_wconf 89' lang='grc' dir='ltr'><strong>ει</strong></span> <span class='ocrx_word' id='word_1_32' title='bbox 1089 1081 1231 1139; x_wconf 77' lang='lat' dir='ltr'>pauperem</span> 
     </span>
     <span class='ocr_line' id='line_1_6' title="bbox 448 1162 1231 1246; baseline -0.027 -14"><span class='ocrx_word' id='word_1_33' title='bbox 448 1175 688 1246; x_wconf 83' lang='lat' dir='ltr'><strong>contegit-tactum</strong></span> <span class='ocrx_word' id='word_1_34' title='bbox 711 1168 802 1225; x_wconf 92' lang='lat' dir='ltr'><strong>mundi</strong></span> <span class='ocrx_word' id='word_1_35' title='bbox 823 1166 938 1234; x_wconf 62' lang='lat' dir='ltr'><strong>omium</strong></span> <span class='ocrx_word' id='word_1_36' title='bbox 960 1163 1007 1220; x_wconf 87' lang='lat' dir='ltr'><strong>sod</strong></span> <span class='ocrx_word' id='word_1_37' title='bbox 1028 1162 1152 1217; x_wconf 77' lang='lat' dir='ltr'><strong>diversus</strong></span> <span class='ocrx_word' id='word_1_38' title='bbox 1172 1172 1231 1215; x_wconf 87' lang='lat' dir='ltr'><strong>esa</strong></span> 
     </span>
     <span class='ocr_line' id='line_1_7' title="bbox 450 1251 1230 1337; baseline -0.021 -16"><span class='ocrx_word' id='word_1_39' title='bbox 450 1280 565 1337; x_wconf 77' lang='lat' dir='ltr'><strong>paupere</strong></span> <span class='ocrx_word' id='word_1_40' title='bbox 577 1263 658 1320; x_wconf 85' lang='lat' dir='ltr'><strong>rebus</strong></span> <span class='ocrx_word' id='word_1_41' title='bbox 672 1275 724 1315; x_wconf 91' lang='lat' dir='ltr'><strong>non</strong></span> <span class='ocrx_word' id='word_1_42' title='bbox 738 1259 806 1320; x_wconf 92' lang='lat' dir='ltr'><strong>tuis,</strong></span> <span class='ocrx_word' id='word_1_43' title='bbox 819 1256 984 1313; x_wconf 85' lang='lat' dir='ltr'><strong>extrinsecus</strong></span> <span class='ocrx_word' id='word_1_44' title='bbox 1005 1252 1132 1323; x_wconf 87' lang='lat' dir='ltr'><strong>appositis</strong></span> <span class='ocrx_word' id='word_1_45' title='bbox 1147 1270 1154 1307; x_wconf 86' lang='lat' dir='ltr'><strong>r</strong></span> <span class='ocrx_word' id='word_1_46' title='bbox 1168 1258 1194 1306; x_wconf 89' lang='grc' dir='ltr'><strong>ιε</strong></span> <span class='ocrx_word' id='word_1_47' title='bbox 1204 1251 1230 1305; x_wconf 92' lang='lat' dir='ltr'><strong>in</strong></span> 
     </span>
     <span class='ocr_line' id='line_1_8' title="bbox 448 1341 1230 1417; baseline -0.02 -4"><span class='ocrx_word' id='word_1_48' title='bbox 448 1359 501 1416; x_wconf 86' lang='lat' dir='ltr'><strong>iiiis</strong></span> <span class='ocrx_word' id='word_1_49' title='bbox 510 1355 580 1417; x_wconf 84' lang='lat' dir='ltr'><strong>aide,</strong></span> <span class='ocrx_word' id='word_1_50' title='bbox 597 1369 649 1408; x_wconf 92' lang='lat' dir='ltr'><strong>non</strong></span> <span class='ocrx_word' id='word_1_51' title='bbox 662 1352 722 1407; x_wconf 85' lang='lat' dir='ltr'><strong>idas</strong></span> <span class='ocrx_word' id='word_1_52' title='bbox 733 1350 759 1405; x_wconf 91' lang='lat' dir='ltr'><strong>in</strong></span> <span class='ocrx_word' id='word_1_53' title='bbox 770 1356 808 1404; x_wconf 86' lang='grc' dir='ltr'>ιε.</span> <span class='ocrx_word' id='word_1_54' title='bbox 823 1346 938 1403; x_wconf 78' lang='lat' dir='ltr'><strong>Atterrde</strong></span> <span class='ocrx_word' id='word_1_55' title='bbox 950 1346 1062 1415; x_wconf 85' lang='lat' dir='ltr'><strong>teipsum</strong></span> <span class='ocrx_word' id='word_1_56' title='bbox 1071 1385 1080 1410; x_wconf 97' lang='lat'><strong>,</strong></span> <span class='ocrx_word' id='word_1_57' title='bbox 1090 1343 1135 1415; x_wconf 85' lang='lat' dir='ltr'><strong>qui</strong></span> <span class='ocrx_word' id='word_1_58' title='bbox 1149 1343 1187 1399; x_wconf 88' lang='lat' dir='ltr'><strong>sis</strong></span> <span class='ocrx_word' id='word_1_59' title='bbox 1196 1341 1230 1398; x_wconf 88' lang='lat' dir='ltr'><strong>ad</strong></span> 
     </span>
     <span class='ocr_line' id='line_1_9' title="bbox 448 1437 1231 1521; baseline -0.019 -15"><span class='ocrx_word' id='word_1_60' title='bbox 448 1464 590 1521; x_wconf 90' lang='lat' dir='ltr'><strong>pauperem</strong></span> <span class='ocrx_word' id='word_1_61' title='bbox 602 1465 610 1514; x_wconf 92' lang='lat'>;</span> <span class='ocrx_word' id='word_1_62' title='bbox 624 1449 749 1518; x_wconf 85' lang='lat' dir='ltr'><strong>teipsum,</strong></span> <span class='ocrx_word' id='word_1_63' title='bbox 763 1461 815 1500; x_wconf 87' lang='lat' dir='ltr'><strong>non</strong></span> <span class='ocrx_word' id='word_1_64' title='bbox 826 1442 897 1515; x_wconf 86' lang='lat' dir='ltr'><strong>quod</strong></span> <span class='ocrx_word' id='word_1_65' title='bbox 911 1441 1003 1497; x_wconf 86' lang='lat' dir='ltr'><strong>habes.</strong></span> <span class='ocrx_word' id='word_1_66' title='bbox 1017 1439 1086 1510; x_wconf 92' lang='lat' dir='ltr'><strong>Quid</strong></span> <span class='ocrx_word' id='word_1_67' title='bbox 1099 1439 1169 1494; x_wconf 90' lang='lat' dir='ltr'><strong>enim</strong></span> <span class='ocrx_word' id='word_1_68' title='bbox 1183 1437 1231 1492; x_wconf 88' lang='lat' dir='ltr'><strong>de-</strong></span> 
     </span>
     <span class='ocr_line' id='line_1_10' title="bbox 447 1527 1230 1610; baseline -0.019 -14"><span class='ocrx_word' id='word_1_69' title='bbox 447 1541 528 1610; x_wconf 86' lang='lat' dir='ltr'><strong>spicis</strong></span> <span class='ocrx_word' id='word_1_70' title='bbox 538 1540 658 1596; x_wconf 81' lang='lat' dir='ltr'><strong>fratrem?</strong></span> <span class='ocrx_word' id='word_1_71' title='bbox 670 1538 699 1593; x_wconf 88' lang='lat' dir='ltr'><strong>in</strong></span> <span class='ocrx_word' id='word_1_72' title='bbox 710 1534 854 1593; x_wconf 79' lang='lat' dir='ltr'><strong>uisceribus</strong></span> <span class='ocrx_word' id='word_1_73' title='bbox 866 1542 979 1588; x_wconf 90' lang='lat' dir='ltr'><strong>matrum</strong></span> <span class='ocrx_word' id='word_1_74' title='bbox 994 1539 1140 1585; x_wconf 82' lang='lat' dir='ltr'><strong>vestrarum</strong></span> <span class='ocrx_word' id='word_1_75' title='bbox 1151 1527 1230 1582; x_wconf 89' lang='lat' dir='ltr'><strong>amba</strong></span> 
     </span>
     <span class='ocr_line' id='line_1_11' title="bbox 448 1619 1231 1685; baseline -0.017 0"><span class='ocrx_word' id='word_1_76' title='bbox 448 1632 509 1685; x_wconf 79' lang='lat' dir='ltr'><strong>rrrrdi</strong></span> <span class='ocrx_word' id='word_1_77' title='bbox 523 1631 619 1685; x_wconf 88' lang='lat' dir='ltr'><strong>fuistis.</strong></span> <span class='ocrx_word' id='word_1_78' title='bbox 633 1628 713 1685; x_wconf 79' lang='lat' dir='ltr'><strong>Certe</strong></span> <span class='ocrx_word' id='word_1_79' title='bbox 720 1629 800 1684; x_wconf 91' lang='lat' dir='ltr'><strong>etiam</strong></span> <span class='ocrx_word' id='word_1_80' title='bbox 817 1641 877 1681; x_wconf 89' lang='lat' dir='ltr'><strong>enm</strong></span> <span class='ocrx_word' id='word_1_81' title='bbox 891 1624 925 1679; x_wconf 90' lang='lat' dir='ltr'><strong>de</strong></span> <span class='ocrx_word' id='word_1_82' title='bbox 935 1624 984 1678; x_wconf 90' lang='lat' dir='ltr'><strong>ista</strong></span> <span class='ocrx_word' id='word_1_83' title='bbox 998 1622 1051 1676; x_wconf 89' lang='lat' dir='ltr'><strong>vita</strong></span> <span class='ocrx_word' id='word_1_84' title='bbox 1064 1619 1190 1681; x_wconf 84' lang='lat' dir='ltr'><strong>exieritis,</strong></span> <span class='ocrx_word' id='word_1_85' title='bbox 1202 1627 1231 1673; x_wconf 88' lang='lat' dir='ltr'><strong>et</strong></span> 
     </span>
     <span class='ocr_line' id='line_1_12' title="bbox 447 1710 1228 1788; baseline -0.019 -10"><span class='ocrx_word' id='word_1_86' title='bbox 447 1722 505 1778; x_wconf 64' lang='lat' dir='ltr'><strong>nra</strong></span> <span class='ocrx_word' id='word_1_87' title='bbox 527 1734 636 1788; x_wconf 72' lang='lat' dir='ltr'><strong>carues,</strong></span> <span class='ocrx_word' id='word_1_88' title='bbox 658 1718 917 1781; x_wconf 67' lang='lat' dir='ltr'><strong>exenteratorum,</strong></span> <span class='ocrx_word' id='word_1_89' title='bbox 938 1714 1035 1769; x_wconf 88' lang='lat' dir='ltr'><strong>fuerint</strong></span> <span class='ocrx_word' id='word_1_90' title='bbox 1059 1710 1228 1781; x_wconf 66' lang='lat' dir='ltr'><strong>putrefactae,</strong></span> 
     </span>
     <span class='ocr_line' id='line_1_13' title="bbox 445 1791 1229 1884; baseline -0.018 -15"><span class='ocrx_word' id='word_1_91' title='bbox 445 1816 636 1884; x_wconf 72' lang='lat' dir='ltr'><strong>dignoscantur</strong></span> <span class='ocrx_word' id='word_1_92' title='bbox 653 1827 713 1868; x_wconf 88' lang='lat' dir='ltr'><strong>ossa</strong></span> <span class='ocrx_word' id='word_1_93' title='bbox 726 1812 815 1866; x_wconf 83' lang='lat' dir='ltr'><strong>divitis</strong></span> <span class='ocrx_word' id='word_1_94' title='bbox 827 1819 855 1865; x_wconf 90' lang='lat' dir='ltr'><strong>et</strong></span> <span class='ocrx_word' id='word_1_95' title='bbox 873 1791 1010 1879; x_wconf 69' lang='lat' dir='ltr'><strong>numeris!</strong></span> <span class='ocrx_word' id='word_1_96' title='bbox 1026 1805 1063 1860; x_wconf 81' lang='lat' dir='ltr'><strong>De</strong></span> <span class='ocrx_word' id='word_1_97' title='bbox 1077 1803 1229 1859; x_wconf 88' lang='lat' dir='ltr'><strong>conditione</strong></span> 
     </span>
     <span class='ocr_line' id='line_1_14' title="bbox 446 1896 1228 1977; baseline -0.015 -16"><span class='ocrx_word' id='word_1_98' title='bbox 446 1907 541 1977; x_wconf 76' lang='lat' dir='ltr'><strong>largirer</strong></span> <span class='ocrx_word' id='word_1_99' title='bbox 558 1906 668 1976; x_wconf 82' lang='lat' dir='ltr'><strong>aeqrraii,</strong></span> <span class='ocrx_word' id='word_1_100' title='bbox 684 1904 718 1960; x_wconf 90' lang='lat' dir='ltr'><strong>de</strong></span> <span class='ocrx_word' id='word_1_101' title='bbox 735 1904 790 1974; x_wconf 89' lang='lat' dir='ltr'><strong>ipsa</strong></span> <span class='ocrx_word' id='word_1_102' title='bbox 804 1911 876 1956; x_wconf 86' lang='lat' dir='ltr'><strong>sorte</strong></span> <span class='ocrx_word' id='word_1_103' title='bbox 888 1900 994 1970; x_wconf 91' lang='lat' dir='ltr'><strong>generis</strong></span> <span class='ocrx_word' id='word_1_104' title='bbox 1014 1896 1120 1951; x_wconf 81' lang='lat' dir='ltr'><strong>naamani</strong></span> <span class='ocrx_word' id='word_1_105' title='bbox 1135 1896 1162 1951; x_wconf 91' lang='lat' dir='ltr'><strong>ia</strong></span> <span class='ocrx_word' id='word_1_106' title='bbox 1175 1910 1228 1965; x_wconf 83' lang='lat' dir='ltr'><strong>qua</strong></span> 
     </span>
     <span class='ocr_line' id='line_1_15' title="bbox 445 1988 1225 2057; baseline -0.012 -9"><span class='ocrx_word' id='word_1_107' title='bbox 445 2010 539 2050; x_wconf 86' lang='lat' dir='ltr'><strong>ornnes</strong></span> <span class='ocrx_word' id='word_1_108' title='bbox 563 2003 707 2051; x_wconf 89' lang='lat' dir='ltr'><strong>naseuntur</strong></span> <span class='ocrx_word' id='word_1_109' title='bbox 720 2012 727 2049; x_wconf 93' lang='lat'>:</span> <span class='ocrx_word' id='word_1_110' title='bbox 741 1992 851 2048; x_wconf 83' lang='lat' dir='ltr'><strong>etdires</strong></span> <span class='ocrx_word' id='word_1_111' title='bbox 864 2006 923 2045; x_wconf 91' lang='lat' dir='ltr'><strong>curn</strong></span> <span class='ocrx_word' id='word_1_112' title='bbox 939 1989 982 2044; x_wconf 85' lang='lat' dir='ltr'><strong>bic</strong></span> <span class='ocrx_word' id='word_1_113' title='bbox 1002 1988 1053 2052; x_wconf 86' lang='lat' dir='ltr'><strong>sit,</strong></span> <span class='ocrx_word' id='word_1_114' title='bbox 1066 1997 1093 2043; x_wconf 91' lang='grc' dir='ltr'><strong>ει</strong></span> <span class='ocrx_word' id='word_1_115' title='bbox 1108 2001 1225 2057; x_wconf 85' lang='lat' dir='ltr'><strong>parrper,</strong></span> 
     </span>
     <span class='ocr_line' id='line_1_16' title="bbox 448 2076 1225 2153; baseline -0.01 -13"><span class='ocrx_word' id='word_1_116' title='bbox 448 2101 502 2140; x_wconf 83' lang='lat' dir='ltr'><strong>anm</strong></span> <span class='ocrx_word' id='word_1_117' title='bbox 518 2100 623 2153; x_wconf 87' lang='lat' dir='ltr'><strong>seraper</strong></span> <span class='ocrx_word' id='word_1_118' title='bbox 643 2084 765 2144; x_wconf 74' lang='lat' dir='ltr'><strong>fricent:</strong></span> <span class='ocrx_word' id='word_1_119' title='bbox 785 2092 812 2136; x_wconf 91' lang='lat' dir='ltr'><strong>et</strong></span> <span class='ocrx_word' id='word_1_120' title='bbox 823 2082 892 2136; x_wconf 90' lang='lat' dir='ltr'><strong>sicut</strong></span> <span class='ocrx_word' id='word_1_121' title='bbox 903 2080 978 2135; x_wconf 83' lang='lat' dir='ltr'><strong>dives</strong></span> <span class='ocrx_word' id='word_1_122' title='bbox 992 2092 1044 2133; x_wconf 88' lang='lat' dir='ltr'><strong>nen</strong></span> <span class='ocrx_word' id='word_1_123' title='bbox 1060 2076 1225 2139; x_wconf 80' lang='lat' dir='ltr'><strong>senitdires,</strong></span> 
     </span>
     <span class='ocr_line' id='line_1_17' title="bbox 444 2169 1226 2241; baseline -0.013 -10"><span class='ocrx_word' id='word_1_124' title='bbox 444 2179 483 2232; x_wconf 80' lang='lat' dir='ltr'><strong>sie</strong></span> <span class='ocrx_word' id='word_1_125' title='bbox 509 2192 557 2231; x_wconf 90' lang='lat' dir='ltr'><strong>nec</strong></span> <span class='ocrx_word' id='word_1_126' title='bbox 569 2177 643 2231; x_wconf 76' lang='lat' dir='ltr'><strong>ilices</strong></span> <span class='ocrx_word' id='word_1_127' title='bbox 657 2175 774 2230; x_wconf 75' lang='lat' dir='ltr'><strong>abscedit</strong></span> <span class='ocrx_word' id='word_1_128' title='bbox 789 2192 796 2229; x_wconf 87' lang='lat' dir='ltr'><strong>r</strong></span> <span class='ocrx_word' id='word_1_129' title='bbox 812 2173 881 2228; x_wconf 91' lang='lat' dir='ltr'><strong>idem</strong></span> <span class='ocrx_word' id='word_1_130' title='bbox 897 2173 954 2241; x_wconf 90' lang='lat' dir='ltr'><strong>ipse</strong></span> <span class='ocrx_word' id='word_1_131' title='bbox 972 2179 1014 2227; x_wconf 88' lang='grc' dir='ltr'><strong>εει</strong></span> <span class='ocrx_word' id='word_1_132' title='bbox 1025 2171 1163 2239; x_wconf 84' lang='lat' dir='ltr'><strong>utriusque</strong></span> <span class='ocrx_word' id='word_1_133' title='bbox 1184 2169 1226 2222; x_wconf 92' lang='lat' dir='ltr'><strong>in-</strong></span> 
     </span>
     <span class='ocr_line' id='line_1_18' title="bbox 446 2258 1226 2335; baseline -0.01 -14"><span class='ocrx_word' id='word_1_134' title='bbox 446 2267 551 2330; x_wconf 87' lang='lat' dir='ltr'><strong>troitus,</strong></span> <span class='ocrx_word' id='word_1_135' title='bbox 566 2275 593 2319; x_wconf 91' lang='lat' dir='ltr'><strong>et</strong></span> <span class='ocrx_word' id='word_1_136' title='bbox 607 2280 654 2335; x_wconf 87' lang='lat' dir='ltr'><strong>par</strong></span> <span class='ocrx_word' id='word_1_137' title='bbox 667 2265 763 2319; x_wconf 80' lang='lat' dir='ltr'><strong>exitus.</strong></span> <span class='ocrx_word' id='word_1_138' title='bbox 775 2262 850 2318; x_wconf 76' lang='lat' dir='ltr'><strong>addo</strong></span> <span class='ocrx_word' id='word_1_139' title='bbox 862 2263 932 2332; x_wconf 76' lang='lat' dir='ltr'><strong>(guod</strong></span> <span class='ocrx_word' id='word_1_140' title='bbox 948 2260 1017 2315; x_wconf 88' lang='lat' dir='ltr'><strong>forte</strong></span> <span class='ocrx_word' id='word_1_141' title='bbox 1039 2258 1173 2314; x_wconf 87' lang='lat' dir='ltr'><strong>mutabitis</strong></span> <span class='ocrx_word' id='word_1_142' title='bbox 1185 2258 1226 2313; x_wconf 85' lang='lat' dir='ltr'><strong>ri·</strong></span> 
     </span>
     <span class='ocr_line' id='line_1_19' title="bbox 444 2350 1227 2427; baseline -0.01 -13"><span class='ocrx_word' id='word_1_143' title='bbox 444 2373 500 2414; x_wconf 85' lang='lat' dir='ltr'><strong>ecs.</strong></span> <span class='ocrx_word' id='word_1_144' title='bbox 523 2357 581 2413; x_wconf 80' lang='lat' dir='ltr'><strong>iam</strong></span> <span class='ocrx_word' id='word_1_145' title='bbox 608 2357 704 2427; x_wconf 85' lang='lat' dir='ltr'><strong>ubique</strong></span> <span class='ocrx_word' id='word_1_146' title='bbox 726 2356 897 2427; x_wconf 81' lang='lat' dir='ltr'><strong>Euangeiinm</strong></span> <span class='ocrx_word' id='word_1_147' title='bbox 928 2350 1227 2423; x_wconf 76' lang='lat' dir='ltr'><strong>predicaturxatteade</strong></span> 
     </span>
     <span class='ocr_line' id='line_1_20' title="bbox 411 2442 1226 2520; baseline -0.007 -19"><span class='ocrx_word' id='word_1_148' title='bbox 411 2477 417 2488; x_wconf 90' lang='lat'><strong>·</strong></span> <span class='ocrx_word' id='word_1_149' title='bbox 443 2447 584 2520; x_wconf 84' lang='lat' dir='ltr'><strong>qrremdam</strong></span> <span class='ocrx_word' id='word_1_150' title='bbox 601 2463 742 2519; x_wconf 75' lang='lat' dir='ltr'><strong>pauperem</strong></span> <span class='ocrx_word' id='word_1_151' title='bbox 756 2448 904 2501; x_wconf 85' lang='lat' dir='ltr'><strong>ulcerosum</strong></span> <span class='ocrx_word' id='word_1_152' title='bbox 917 2446 960 2515; x_wconf 90' lang='lat' dir='ltr'><strong>qui</strong></span> <span class='ocrx_word' id='word_1_153' title='bbox 984 2444 1087 2513; x_wconf 84' lang='lat' dir='ltr'><strong>jacebat</strong></span> <span class='ocrx_word' id='word_1_154' title='bbox 1108 2451 1169 2499; x_wconf 84' lang='lat' dir='ltr'><strong>ante</strong></span> <span class='ocrx_word' id='word_1_155' title='bbox 1185 2442 1226 2512; x_wconf 86' lang='lat' dir='ltr'><strong>ja·</strong></span> 
     </span>
     <span class='ocr_line' id='line_1_21' title="bbox 444 2537 1227 2609; baseline -0.008 -14"><span class='ocrx_word' id='word_1_156' title='bbox 444 2557 524 2595; x_wconf 83' lang='lat' dir='ltr'><strong>arram</strong></span> <span class='ocrx_word' id='word_1_157' title='bbox 539 2540 637 2605; x_wconf 83' lang='lat' dir='ltr'><strong>diuitis,</strong></span> <span class='ocrx_word' id='word_1_158' title='bbox 657 2548 685 2593; x_wconf 91' lang='lat' dir='ltr'><strong>et</strong></span> <span class='ocrx_word' id='word_1_159' title='bbox 703 2538 826 2609; x_wconf 90' lang='lat' dir='ltr'><strong>cupiebat</strong></span> <span class='ocrx_word' id='word_1_160' title='bbox 839 2538 952 2593; x_wconf 81' lang='lat' dir='ltr'><strong>saturari</strong></span> <span class='ocrx_word' id='word_1_161' title='bbox 976 2537 1010 2593; x_wconf 88' lang='lat' dir='ltr'><strong>de</strong></span> <span class='ocrx_word' id='word_1_162' title='bbox 1023 2537 1099 2591; x_wconf 86' lang='lat' dir='ltr'><strong>micis</strong></span> <span class='ocrx_word' id='word_1_163' title='bbox 1111 2552 1170 2607; x_wconf 76' lang='lat' dir='ltr'><strong>qrrre</strong></span> <span class='ocrx_word' id='word_1_164' title='bbox 1181 2551 1227 2590; x_wconf 88' lang='lat' dir='ltr'><strong>ea·</strong></span> 
     </span>
     <span class='ocr_line' id='line_1_22' title="bbox 443 2629 1225 2698; baseline -0.006 -12"><span class='ocrx_word' id='word_1_165' title='bbox 443 2632 542 2687; x_wconf 87' lang='lat' dir='ltr'><strong>debant</strong></span> <span class='ocrx_word' id='word_1_166' title='bbox 560 2632 594 2688; x_wconf 90' lang='lat' dir='ltr'><strong>de</strong></span> <span class='ocrx_word' id='word_1_167' title='bbox 614 2648 706 2686; x_wconf 81' lang='lat' dir='ltr'><strong>mensa</strong></span> <span class='ocrx_word' id='word_1_168' title='bbox 732 2631 834 2693; x_wconf 86' lang='lat' dir='ltr'><strong>divitis;</strong></span> <span class='ocrx_word' id='word_1_169' title='bbox 849 2630 955 2687; x_wconf 78' lang='lat' dir='ltr'><strong>attende</strong></span> <span class='ocrx_word' id='word_1_170' title='bbox 977 2639 1005 2684; x_wconf 90' lang='grc' dir='ltr'><strong>ει</strong></span> <span class='ocrx_word' id='word_1_171' title='bbox 1023 2629 1095 2683; x_wconf 88' lang='lat' dir='ltr'><strong>iifurn</strong></span> <span class='ocrx_word' id='word_1_172' title='bbox 1111 2629 1225 2698; x_wconf 78' lang='lat' dir='ltr'><strong>parem¹</strong></span> 
     </span>
     <span class='ocr_line' id='line_1_23' title="bbox 444 2720 1226 2795; baseline -0.006 -16"><span class='ocrx_word' id='word_1_173' title='bbox 444 2735 518 2779; x_wconf 91' lang='lat' dir='ltr'><strong>tuum</strong></span> <span class='ocrx_word' id='word_1_174' title='bbox 533 2726 577 2795; x_wconf 78' lang='lat' dir='ltr'><strong>rgrri</strong></span> <span class='ocrx_word' id='word_1_175' title='bbox 592 2725 749 2780; x_wconf 80' lang='lat' dir='ltr'><strong>induebatur</strong></span> <span class='ocrx_word' id='word_1_176' title='bbox 759 2739 875 2795; x_wconf 88' lang='lat' dir='ltr'><strong>purpura</strong></span> <span class='ocrx_word' id='word_1_177' title='bbox 889 2734 916 2779; x_wconf 90' lang='lat' dir='ltr'><strong>ct</strong></span> <span class='ocrx_word' id='word_1_178' title='bbox 925 2723 1022 2794; x_wconf 74' lang='lat' dir='ltr'><strong>bymu,</strong></span> <span class='ocrx_word' id='word_1_179' title='bbox 1035 2731 1063 2777; x_wconf 92' lang='grc' dir='ltr'><strong>ει</strong></span> <span class='ocrx_word' id='word_1_180' title='bbox 1071 2720 1226 2792; x_wconf 85' lang='lat' dir='ltr'><strong>epulabatur</strong></span> 
     </span>
     <span class='ocr_line' id='line_1_24' title="bbox 442 2813 1224 2888; baseline -0.004 -20"><span class='ocrx_word' id='word_1_181' title='bbox 442 2817 560 2888; x_wconf 79' lang='lat' dir='ltr'><strong>quotidie</strong></span> <span class='ocrx_word' id='word_1_182' title='bbox 567 2816 712 2888; x_wconf 79' lang='lat' dir='ltr'><strong>splendide.</strong></span> <span class='ocrx_word' id='word_1_183' title='bbox 721 2816 836 2887; x_wconf 88' lang='lat' dir='ltr'><strong>Contigit</strong></span> <span class='ocrx_word' id='word_1_184' title='bbox 845 2830 939 2885; x_wconf 85' lang='lat' dir='ltr'><strong>nempe</strong></span> <span class='ocrx_word' id='word_1_185' title='bbox 948 2814 1015 2869; x_wconf 90' lang='lat' dir='ltr'><strong>mori</strong></span> <span class='ocrx_word' id='word_1_186' title='bbox 1025 2814 1129 2882; x_wconf 88' lang='lat' dir='ltr'><strong>inopem</strong></span> <span class='ocrx_word' id='word_1_187' title='bbox 1140 2813 1224 2879; x_wconf 85' lang='lat' dir='ltr'><strong>iilum,</strong></span> 
     </span>
     <span class='ocr_line' id='line_1_25' title="bbox 443 2892 1225 2978; baseline -0.006 -16"><span class='ocrx_word' id='word_1_188' title='bbox 443 2918 470 2962; x_wconf 89' lang='lat' dir='ltr'><strong>ct</strong></span> <span class='ocrx_word' id='word_1_189' title='bbox 484 2907 581 2965; x_wconf 83' lang='lat' dir='ltr'><strong>artferri</strong></span> <span class='ocrx_word' id='word_1_190' title='bbox 595 2892 630 2962; x_wconf 87' lang='lat' dir='ltr'><strong>ab</strong></span> <span class='ocrx_word' id='word_1_191' title='bbox 650 2907 758 2978; x_wconf 76' lang='lat' dir='ltr'><strong>Angelis</strong></span> <span class='ocrx_word' id='word_1_192' title='bbox 771 2908 797 2963; x_wconf 92' lang='lat' dir='ltr'><strong>in</strong></span> <span class='ocrx_word' id='word_1_193' title='bbox 821 2906 908 2962; x_wconf 89' lang='lat' dir='ltr'><strong>sinum</strong></span> <span class='ocrx_word' id='word_1_194' title='bbox 929 2905 1041 2961; x_wconf 78' lang='lat' dir='ltr'><strong>tibrahre</strong></span> <span class='ocrx_word' id='word_1_195' title='bbox 1055 2922 1063 2960; x_wconf 76' lang='grc' dir='ltr'>ε</span> <span class='ocrx_word' id='word_1_196' title='bbox 1079 2905 1123 2960; x_wconf 88' lang='lat' dir='ltr'><strong>iiie</strong></span> <span class='ocrx_word' id='word_1_197' title='bbox 1136 2913 1225 2959; x_wconf 87' lang='lat' dir='ltr'><strong>antem</strong></span> 
     </span>
     <span class='ocr_line' id='line_1_26' title="bbox 379 2995 1224 3072; baseline -0.006 -18"><span class='ocrx_word' id='word_1_198' title='bbox 379 3065 380 3072; x_wconf 8' lang='grc' dir='ltr'>ἵ</span> <span class='ocrx_word' id='word_1_199' title='bbox 443 3012 565 3054; x_wconf 89' lang='lat' dir='ltr'><strong>rnnrmns</strong></span> <span class='ocrx_word' id='word_1_200' title='bbox 577 3009 637 3062; x_wconf 89' lang='grc' dir='ltr'>εει,</span> <span class='ocrx_word' id='word_1_201' title='bbox 651 3009 678 3054; x_wconf 88' lang='grc' dir='ltr'><strong>ει</strong></span> <span class='ocrx_word' id='word_1_202' title='bbox 693 3000 813 3069; x_wconf 85' lang='lat' dir='ltr'><strong>sepultas</strong></span> <span class='ocrx_word' id='word_1_203' title='bbox 824 3007 881 3063; x_wconf 87' lang='grc' dir='ltr'>εει;</span> <span class='ocrx_word' id='word_1_204' title='bbox 893 3012 954 3052; x_wconf 88' lang='lat' dir='ltr'><strong>nam</strong></span> <span class='ocrx_word' id='word_1_205' title='bbox 969 2997 1040 3052; x_wconf 85' lang='lat' dir='ltr'><strong>iliius</strong></span> <span class='ocrx_word' id='word_1_206' title='bbox 1052 2995 1120 3051; x_wconf 84' lang='lat' dir='ltr'><strong>forte</strong></span> <span class='ocrx_word' id='word_1_207' title='bbox 1132 2996 1224 3066; x_wconf 87' lang='lat' dir='ltr'><strong>sepui-</strong></span> 
     </span>
     <span class='ocr_line' id='line_1_27' title="bbox 444 3085 1226 3163; baseline -0.003 -20"><span class='ocrx_word' id='word_1_208' title='bbox 444 3098 529 3163; x_wconf 84' lang='lat' dir='ltr'><strong>tnram</strong></span> <span class='ocrx_word' id='word_1_209' title='bbox 542 3104 622 3145; x_wconf 88' lang='lat' dir='ltr'><strong>nemo</strong></span> <span class='ocrx_word' id='word_1_210' title='bbox 633 3088 758 3145; x_wconf 73' lang='lat' dir='ltr'><strong>curarit:</strong></span> <span class='ocrx_word' id='word_1_211' title='bbox 773 3099 801 3145; x_wconf 84' lang='lat' dir='ltr'><strong>et</strong></span> <span class='ocrx_word' id='word_1_212' title='bbox 812 3103 872 3145; x_wconf 90' lang='lat' dir='ltr'><strong>cum</strong></span> <span class='ocrx_word' id='word_1_213' title='bbox 887 3088 958 3158; x_wconf 91' lang='lat' dir='ltr'><strong>apud</strong></span> <span class='ocrx_word' id='word_1_214' title='bbox 971 3086 1070 3143; x_wconf 86' lang='lat' dir='ltr'><strong>inferos</strong></span> <span class='ocrx_word' id='word_1_215' title='bbox 1082 3085 1128 3142; x_wconf 86' lang='lat' dir='ltr'><strong>iiie</strong></span> <span class='ocrx_word' id='word_1_216' title='bbox 1150 3085 1226 3141; x_wconf 79' lang='lat' dir='ltr'><strong>diaes</strong></span> 
     </span>
     <span class='ocr_line' id='line_1_28' title="bbox 443 3174 1225 3244; baseline -0.005 -11"><span class='ocrx_word' id='word_1_217' title='bbox 443 3180 469 3233; x_wconf 90' lang='lat' dir='ltr'><strong>in</strong></span> <span class='ocrx_word' id='word_1_218' title='bbox 483 3181 621 3235; x_wconf 87' lang='lat' dir='ltr'><strong>temnentis</strong></span> <span class='ocrx_word' id='word_1_219' title='bbox 632 3188 712 3244; x_wconf 86' lang='lat' dir='ltr'><strong>esset,</strong></span> <span class='ocrx_word' id='word_1_220' title='bbox 724 3193 813 3235; x_wconf 89' lang='lat' dir='ltr'><strong>nonne</strong></span> <span class='ocrx_word' id='word_1_221' title='bbox 824 3178 936 3235; x_wconf 82' lang='lat' dir='ltr'><strong>eleuarit</strong></span> <span class='ocrx_word' id='word_1_222' title='bbox 949 3176 1041 3233; x_wconf 84' lang='lat' dir='ltr'><strong>ocutos</strong></span> <span class='ocrx_word' id='word_1_223' title='bbox 1050 3190 1131 3241; x_wconf 84' lang='lat' dir='ltr'><strong>suos,</strong></span> <span class='ocrx_word' id='word_1_224' title='bbox 1145 3185 1173 3231; x_wconf 88' lang='lat' dir='ltr'><strong>et</strong></span> <span class='ocrx_word' id='word_1_225' title='bbox 1184 3174 1225 3230; x_wconf 85' lang='lat' dir='ltr'><strong>ri·</strong></span> 
     </span>
     <span class='ocr_line' id='line_1_29' title="bbox 442 3264 1224 3341; baseline -0.008 -16"><span class='ocrx_word' id='word_1_226' title='bbox 442 3271 481 3326; x_wconf 90' lang='lat' dir='ltr'><strong>dit</strong></span> <span class='ocrx_word' id='word_1_227' title='bbox 494 3271 520 3325; x_wconf 93' lang='lat' dir='ltr'><strong>iu</strong></span> <span class='ocrx_word' id='word_1_228' title='bbox 533 3269 637 3325; x_wconf 87' lang='lat' dir='ltr'><strong>infinito</strong></span> <span class='ocrx_word' id='word_1_229' title='bbox 654 3269 750 3341; x_wconf 87' lang='lat' dir='ltr'><strong>gaudio</strong></span> <span class='ocrx_word' id='word_1_230' title='bbox 768 3285 828 3324; x_wconf 90' lang='lat' dir='ltr'><strong>eum</strong></span> <span class='ocrx_word' id='word_1_231' title='bbox 840 3282 920 3338; x_wconf 81' lang='lat' dir='ltr'><strong>quem</strong></span> <span class='ocrx_word' id='word_1_232' title='bbox 938 3266 1097 3335; x_wconf 81' lang='lat' dir='ltr'><strong>contempsit</strong></span> <span class='ocrx_word' id='word_1_233' title='bbox 1107 3275 1169 3321; x_wconf 91' lang='lat' dir='ltr'><strong>ante</strong></span> <span class='ocrx_word' id='word_1_234' title='bbox 1181 3264 1224 3333; x_wconf 79' lang='lat' dir='ltr'><strong>ia-</strong></span> 
     </span>
     <span class='ocr_line' id='line_1_30' title="bbox 444 3354 1225 3429; baseline -0.004 -14"><span class='ocrx_word' id='word_1_235' title='bbox 444 3376 522 3416; x_wconf 85' lang='lat' dir='ltr'><strong>nuam</strong></span> <span class='ocrx_word' id='word_1_236' title='bbox 537 3375 612 3416; x_wconf 87' lang='lat' dir='ltr'><strong>suam</strong></span> <span class='ocrx_word' id='word_1_237' title='bbox 623 3400 631 3424; x_wconf 93' lang='lat'><strong>,</strong></span> <span class='ocrx_word' id='word_1_238' title='bbox 643 3369 671 3415; x_wconf 89' lang='lat' dir='ltr'><strong>et</strong></span> <span class='ocrx_word' id='word_1_239' title='bbox 684 3357 718 3414; x_wconf 89' lang='lat' dir='ltr'><strong>de</strong></span> <span class='ocrx_word' id='word_1_240' title='bbox 741 3356 824 3429; x_wconf 92' lang='lat' dir='ltr'><strong>digito</strong></span> <span class='ocrx_word' id='word_1_241' title='bbox 836 3358 893 3427; x_wconf 86' lang='lat' dir='ltr'><strong>ejus</strong></span> <span class='ocrx_word' id='word_1_242' title='bbox 912 3371 989 3427; x_wconf 78' lang='lat' dir='ltr'><strong>aqua</strong></span> <span class='ocrx_word' id='word_1_243' title='bbox 1008 3355 1107 3411; x_wconf 89' lang='lat' dir='ltr'><strong>stillum</strong></span> <span class='ocrx_word' id='word_1_244' title='bbox 1120 3354 1225 3412; x_wconf 85' lang='lat' dir='ltr'><strong>deside·</strong></span> 
     </span>
     <span class='ocr_line' id='line_1_31' title="bbox 444 3436 1223 3522; baseline -0.009 -16"><span class='ocrx_word' id='word_1_245' title='bbox 444 3452 527 3514; x_wconf 80' lang='lat' dir='ltr'><strong>ravit,</strong></span> <span class='ocrx_word' id='word_1_246' title='bbox 540 3436 584 3522; x_wconf 77' lang='lat' dir='ltr'><strong>qni</strong></span> <span class='ocrx_word' id='word_1_247' title='bbox 593 3450 628 3506; x_wconf 89' lang='lat' dir='ltr'><strong>de</strong></span> <span class='ocrx_word' id='word_1_248' title='bbox 637 3465 727 3505; x_wconf 88' lang='lat' dir='ltr'><strong>mensa</strong></span> <span class='ocrx_word' id='word_1_249' title='bbox 741 3449 799 3518; x_wconf 79' lang='lat' dir='ltr'><strong>eius</strong></span> <span class='ocrx_word' id='word_1_250' title='bbox 812 3447 937 3505; x_wconf 81' lang='lat' dir='ltr'><strong>cadentes</strong></span> <span class='ocrx_word' id='word_1_251' title='bbox 953 3447 1035 3503; x_wconf 86' lang='lat' dir='ltr'><strong>micas</strong></span> <span class='ocrx_word' id='word_1_252' title='bbox 1054 3445 1223 3502; x_wconf 83' lang='lat' dir='ltr'><strong>desiderare·</strong></span> 
     </span>
     <span class='ocr_line' id='line_1_32' title="bbox 443 3534 1223 3607; baseline -0.008 -12"><span class='ocrx_word' id='word_1_253' title='bbox 443 3540 506 3596; x_wconf 82' lang='lat' dir='ltr'><strong>rati</strong></span> <span class='ocrx_word' id='word_1_254' title='bbox 520 3540 643 3602; x_wconf 74' lang='lat' dir='ltr'><strong>i&#39;ratres,</strong></span> <span class='ocrx_word' id='word_1_255' title='bbox 657 3538 733 3593; x_wconf 87' lang='lat' dir='ltr'><strong>labor</strong></span> <span class='ocrx_word' id='word_1_256' title='bbox 744 3538 788 3594; x_wconf 86' lang='lat' dir='ltr'><strong>iile</strong></span> <span class='ocrx_word' id='word_1_257' title='bbox 803 3537 926 3607; x_wconf 87' lang='lat' dir='ltr'><strong>pauperis</strong></span> <span class='ocrx_word' id='word_1_258' title='bbox 944 3544 1057 3606; x_wconf 83' lang='lat' dir='ltr'><strong>qrrantus</strong></span> <span class='ocrx_word' id='word_1_259' title='bbox 1068 3534 1138 3590; x_wconf 84' lang='lat' dir='ltr'><strong>tuttt</strong></span> <span class='ocrx_word' id='word_1_260' title='bbox 1152 3534 1223 3590; x_wconf 84' lang='lat' dir='ltr'><strong>ueti-</strong></span> 
     </span>
     <span class='ocr_line' id='line_1_33' title="bbox 443 3625 1222 3699; baseline -0.006 -14"><span class='ocrx_word' id='word_1_261' title='bbox 443 3631 493 3685; x_wconf 78' lang='lat' dir='ltr'><strong>cie</strong></span> <span class='ocrx_word' id='word_1_262' title='bbox 513 3630 565 3685; x_wconf 80' lang='lat' dir='ltr'><strong>ilie</strong></span> <span class='ocrx_word' id='word_1_263' title='bbox 589 3630 677 3685; x_wconf 82' lang='lat' dir='ltr'><strong>divitis</strong></span> <span class='ocrx_word' id='word_1_264' title='bbox 698 3643 777 3699; x_wconf 87' lang='lat' dir='ltr'><strong>quam</strong></span> <span class='ocrx_word' id='word_1_265' title='bbox 795 3627 881 3698; x_wconf 74' lang='lat' dir='ltr'><strong>tange</strong></span> <span class='ocrx_word' id='word_1_266' title='bbox 899 3626 1023 3682; x_wconf 77' lang='lat' dir='ltr'><strong>fuerunt?</strong></span> <span class='ocrx_word' id='word_1_267' title='bbox 1041 3625 1116 3692; x_wconf 88' lang='lat' dir='ltr'><strong>Quod</strong></span> <span class='ocrx_word' id='word_1_268' title='bbox 1134 3634 1222 3681; x_wconf 90' lang='lat' dir='ltr'><strong>autem</strong></span> 
     </span>
     <span class='ocr_line' id='line_1_34' title="bbox 443 3717 1221 3790; baseline -0.005 -14"><span class='ocrx_word' id='word_1_269' title='bbox 443 3731 631 3786; x_wconf 76' lang='lat' dir='ltr'><strong>trituraverunt,</strong></span> <span class='ocrx_word' id='word_1_270' title='bbox 654 3731 809 3790; x_wconf 89' lang='lat' dir='ltr'><strong>perpetuum</strong></span> <span class='ocrx_word' id='word_1_271' title='bbox 829 3730 881 3775; x_wconf 89' lang='lat' dir='ltr'><strong>est.</strong></span> <span class='ocrx_word' id='word_1_272' title='bbox 905 3718 977 3773; x_wconf 84' lang='lat' dir='ltr'><strong>filins</strong></span> <span class='ocrx_word' id='word_1_273' title='bbox 999 3732 1063 3788; x_wconf 89' lang='lat' dir='ltr'><strong>ergo</strong></span> <span class='ocrx_word' id='word_1_274' title='bbox 1086 3717 1221 3786; x_wconf 80' lang='lat' dir='ltr'><strong>quianon</strong></span> 
     </span>
     <span class='ocr_line' id='line_1_35' title="bbox 442 3791 1246 3875; baseline -0.01 -7"><span class='ocrx_word' id='word_1_275' title='bbox 442 3822 501 3868; x_wconf 75' lang='lat' dir='ltr'><strong>aaut</strong></span> <span class='ocrx_word' id='word_1_276' title='bbox 509 3791 651 3867; x_wconf 81' lang='lat' dir='ltr'><strong>declinatio</strong></span> <span class='ocrx_word' id='word_1_277' title='bbox 663 3811 689 3865; x_wconf 93' lang='lat' dir='ltr'><strong>in</strong></span> <span class='ocrx_word' id='word_1_278' title='bbox 706 3821 805 3875; x_wconf 87' lang='lat' dir='ltr'><strong>morte,</strong></span> <span class='ocrx_word' id='word_1_279' title='bbox 820 3817 847 3865; x_wconf 92' lang='lat' dir='ltr'><strong>et</strong></span> <span class='ocrx_word' id='word_1_280' title='bbox 858 3807 1050 3866; x_wconf 76' lang='lat' dir='ltr'><strong>farinamentmn</strong></span> <span class='ocrx_word' id='word_1_281' title='bbox 1062 3817 1119 3864; x_wconf 88' lang='lat' dir='ltr'><strong>erat</strong></span> <span class='ocrx_word' id='word_1_282' title='bbox 1133 3806 1159 3862; x_wconf 91' lang='lat' dir='ltr'><strong>in</strong></span> <span class='ocrx_word' id='word_1_283' title='bbox 1172 3806 1221 3862; x_wconf 87' lang='lat' dir='ltr'><strong>ba·</strong></span> <span class='ocrx_word' id='word_1_284' title='bbox 1239 3864 1246 3873; x_wconf 71' lang='grc'>,</span> 
     </span>
     <span class='ocr_line' id='line_1_36' title="bbox 442 3900 1223 3974; baseline -0.003 -16"><span class='ocrx_word' id='word_1_285' title='bbox 442 3903 512 3974; x_wconf 86' lang='lat' dir='ltr'><strong>gebo</strong></span> <span class='ocrx_word' id='word_1_286' title='bbox 536 3903 594 3972; x_wconf 85' lang='lat' dir='ltr'><strong>ejus</strong></span> <span class='ocrx_word' id='word_1_287' title='bbox 606 3919 614 3969; x_wconf 89' lang='lat'>;</span> <span class='ocrx_word' id='word_1_288' title='bbox 628 3903 654 3957; x_wconf 90' lang='lat' dir='ltr'><strong>in</strong></span> <span class='ocrx_word' id='word_1_289' title='bbox 669 3903 805 3957; x_wconf 83' lang='lat' dir='ltr'><strong>laboribus</strong></span> <span class='ocrx_word' id='word_1_290' title='bbox 820 3900 954 3957; x_wconf 87' lang='lat' dir='ltr'><strong>borninnm</strong></span> <span class='ocrx_word' id='word_1_291' title='bbox 968 3917 1020 3956; x_wconf 92' lang='lat' dir='ltr'><strong>non</strong></span> <span class='ocrx_word' id='word_1_292' title='bbox 1042 3901 1102 3968; x_wconf 89' lang='lat' dir='ltr'><strong>fuit,</strong></span> <span class='ocrx_word' id='word_1_293' title='bbox 1114 3911 1141 3959; x_wconf 90' lang='lat' dir='ltr'><strong>et</strong></span> <span class='ocrx_word' id='word_1_294' title='bbox 1152 3901 1223 3958; x_wconf 88' lang='lat' dir='ltr'><strong>inter</strong></span> 
     </span>
     <span class='ocr_line' id='line_1_37' title="bbox 444 3991 1222 4062; baseline -0.001 -16"><span class='ocrx_word' id='word_1_295' title='bbox 444 3994 563 4048; x_wconf 82' lang='lat' dir='ltr'><strong>irorrrines</strong></span> <span class='ocrx_word' id='word_1_296' title='bbox 584 3992 729 4062; x_wconf 81' lang='lat' dir='ltr'><strong>flagellatus</strong></span> <span class='ocrx_word' id='word_1_297' title='bbox 747 4007 800 4046; x_wconf 91' lang='lat' dir='ltr'><strong>non</strong></span> <span class='ocrx_word' id='word_1_298' title='bbox 825 4001 886 4046; x_wconf 87' lang='lat' dir='ltr'><strong>est:</strong></span> <span class='ocrx_word' id='word_1_299' title='bbox 902 3991 946 4045; x_wconf 90' lang='lat' dir='ltr'><strong>iiie</strong></span> <span class='ocrx_word' id='word_1_300' title='bbox 969 4000 1056 4046; x_wconf 90' lang='lat' dir='ltr'><strong>autem</strong></span> <span class='ocrx_word' id='word_1_301' title='bbox 1076 3991 1222 4061; x_wconf 82' lang='lat' dir='ltr'><strong>dageliatus</strong></span> 
     </span>
     <span class='ocr_line' id='line_1_38' title="bbox 442 4069 1220 4156; baseline -0.005 -16"><span class='ocrx_word' id='word_1_302' title='bbox 442 4086 496 4151; x_wconf 90' lang='lat' dir='ltr'><strong>bic,</strong></span> <span class='ocrx_word' id='word_1_303' title='bbox 511 4086 639 4153; x_wconf 78' lang='lat' dir='ltr'><strong>requierit</strong></span> <span class='ocrx_word' id='word_1_304' title='bbox 654 4085 706 4148; x_wconf 88' lang='lat' dir='ltr'><strong>ibi;</strong></span> <span class='ocrx_word' id='word_1_305' title='bbox 722 4069 782 4156; x_wconf 86' lang='lat' dir='ltr'><strong>qnia</strong></span> <span class='ocrx_word' id='word_1_306' title='bbox 801 4083 1032 4154; x_wconf 81' lang='lat' dir='ltr'><strong>flagellatonmem</strong></span> <span class='ocrx_word' id='word_1_307' title='bbox 1047 4082 1129 4136; x_wconf 87' lang='lat' dir='ltr'><strong>fdium</strong></span> <span class='ocrx_word' id='word_1_308' title='bbox 1142 4097 1220 4150; x_wconf 86' lang='lat' dir='ltr'><strong>qtrern</strong></span> 
     </span>
     <span class='ocr_line' id='line_1_39' title="bbox 420 4163 1221 4247; baseline -0.005 -16"><span class='ocrx_word' id='word_1_309' title='bbox 420 4163 535 4247; x_wconf 71' lang='lat' dir='ltr'><strong>&#39;menn</strong></span> <span class='ocrx_word' id='word_1_310' title='bbox 555 4173 833 4245; x_wconf 62' lang='lat' dir='ltr'><strong>(remansisse</strong></span> <span class='ocrx_word' id='word_1_311' title='bbox 855 4173 897 4230; x_wconf 79' lang='lat' dir='ltr'><strong>cur</strong></span> <span class='ocrx_word' id='word_1_312' title='bbox 920 4172 987 4229; x_wconf 74' lang='lat' dir='ltr'><strong>uras</strong></span> <span class='ocrx_word' id='word_1_313' title='bbox 1009 4172 1221 4240; x_wconf 65' lang='lat' dir='ltr'><strong>reuertendum</strong></span> 
     </span>
     <span class='ocr_line' id='line_1_40' title="bbox 441 4263 1217 4337; baseline -0.004 -16"><span class='ocrx_word' id='word_1_314' title='bbox 441 4268 590 4337; x_wconf 67' lang='lat' dir='ltr'><strong>splendide,</strong></span> <span class='ocrx_word' id='word_1_315' title='bbox 604 4276 632 4322; x_wconf 92' lang='lat' dir='ltr'><strong>et</strong></span> <span class='ocrx_word' id='word_1_316' title='bbox 643 4265 763 4321; x_wconf 85' lang='lat' dir='ltr'><strong>induenti</strong></span> <span class='ocrx_word' id='word_1_317' title='bbox 782 4280 811 4320; x_wconf 91' lang='lat' dir='ltr'><strong>se</strong></span> <span class='ocrx_word' id='word_1_318' title='bbox 824 4264 943 4334; x_wconf 84' lang='lat' dir='ltr'><strong>quotidie</strong></span> <span class='ocrx_word' id='word_1_319' title='bbox 965 4280 1078 4334; x_wconf 88' lang='lat' dir='ltr'><strong>purpura</strong></span> <span class='ocrx_word' id='word_1_320' title='bbox 1091 4273 1118 4318; x_wconf 91' lang='grc' dir='ltr'><strong>ει</strong></span> <span class='ocrx_word' id='word_1_321' title='bbox 1129 4263 1217 4332; x_wconf 74' lang='lat' dir='ltr'><strong>nysa».</strong></span> 
     </span>
     <span class='ocr_line' id='line_1_41' title="bbox 440 4353 1220 4426; baseline -0.008 -14"><span class='ocrx_word' id='word_1_322' title='bbox 440 4357 487 4412; x_wconf 83' lang='lat' dir='ltr'><strong>Cui</strong></span> <span class='ocrx_word' id='word_1_323' title='bbox 498 4358 564 4412; x_wconf 88' lang='lat' dir='ltr'><strong>dicis</strong></span> <span class='ocrx_word' id='word_1_324' title='bbox 574 4358 585 4411; x_wconf 70' lang='grc' dir='ltr'><strong>ζ’</strong></span> <span class='ocrx_word' id='word_1_325' title='bbox 595 4356 646 4426; x_wconf 92' lang='lat' dir='ltr'><strong>Qui</strong></span> <span class='ocrx_word' id='word_1_326' title='bbox 660 4356 763 4412; x_wconf 86' lang='lat' dir='ltr'><strong>transiit</strong></span> <span class='ocrx_word' id='word_1_327' title='bbox 775 4357 801 4410; x_wconf 91' lang='lat' dir='ltr'><strong>in</strong></span> <span class='ocrx_word' id='word_1_328' title='bbox 820 4355 1006 4423; x_wconf 80' lang='lat' dir='ltr'><strong>dispositionem</strong></span> <span class='ocrx_word' id='word_1_329' title='bbox 1024 4354 1115 4408; x_wconf 80' lang='lat' dir='ltr'><strong>cordia.</strong></span> <span class='ocrx_word' id='word_1_330' title='bbox 1128 4353 1220 4407; x_wconf 80' lang='lat' dir='ltr'><strong>Merito</strong></span> 
     </span>
     <span class='ocr_line' id='line_1_42' title="bbox 440 4444 1221 4517; baseline 0 -17"><span class='ocrx_word' id='word_1_331' title='bbox 440 4462 501 4500; x_wconf 82' lang='lat' dir='ltr'><strong>aero</strong></span> <span class='ocrx_word' id='word_1_332' title='bbox 511 4448 628 4503; x_wconf 86' lang='lat' dir='ltr'><strong>dicturus</strong></span> <span class='ocrx_word' id='word_1_333' title='bbox 649 4458 710 4513; x_wconf 84' lang='lat' dir='ltr'><strong>cst,</strong></span> <span class='ocrx_word' id='word_1_334' title='bbox 726 4447 798 4501; x_wconf 70' lang='lat' dir='ltr'><strong>aare</strong></span> <span class='ocrx_word' id='word_1_335' title='bbox 817 4445 941 4501; x_wconf 77' lang='lat' dir='ltr'><strong>Lazarum</strong></span> <span class='ocrx_word' id='word_1_336' title='bbox 951 4463 961 4513; x_wconf 92' lang='lat'><strong>,·</strong></span> <span class='ocrx_word' id='word_1_337' title='bbox 972 4447 1040 4500; x_wconf 84' lang='lat' dir='ltr'><strong>dicat</strong></span> <span class='ocrx_word' id='word_1_338' title='bbox 1051 4447 1089 4500; x_wconf 82' lang='lat' dir='ltr'><strong>uei</strong></span> <span class='ocrx_word' id='word_1_339' title='bbox 1101 4444 1221 4517; x_wconf 76' lang='lat' dir='ltr'><strong>fratribus</strong></span> 
     </span>
     <span class='ocr_line' id='line_1_43' title="bbox 441 4536 1220 4609; baseline -0.001 -19"><span class='ocrx_word' id='word_1_340' title='bbox 441 4539 501 4591; x_wconf 77' lang='lat' dir='ltr'><strong>orteia</strong></span> <span class='ocrx_word' id='word_1_341' title='bbox 515 4537 589 4606; x_wconf 78' lang='lat' dir='ltr'><strong>(brac.</strong></span> <span class='ocrx_word' id='word_1_342' title='bbox 613 4554 674 4601; x_wconf 82' lang='lat' dir='ltr'><strong>aar,</strong></span> <span class='ocrx_word' id='word_1_343' title='bbox 694 4536 798 4608; x_wconf 74' lang='lat' dir='ltr'><strong>test),</strong></span> <span class='ocrx_word' id='word_1_344' title='bbox 819 4537 924 4609; x_wconf 85' lang='lat' dir='ltr'><strong>quando</strong></span> <span class='ocrx_word' id='word_1_345' title='bbox 944 4537 968 4592; x_wconf 91' lang='lat' dir='ltr'><strong>ei</strong></span> <span class='ocrx_word' id='word_1_346' title='bbox 992 4551 1044 4591; x_wconf 90' lang='lat' dir='ltr'><strong>non</strong></span> <span class='ocrx_word' id='word_1_347' title='bbox 1065 4536 1220 4591; x_wconf 86' lang='lat' dir='ltr'><strong>correeditur</strong></span> 
     </span>
     <span class='ocr_line' id='line_1_44' title="bbox 440 4628 1218 4700; baseline -0.004 -17"><span class='ocrx_word' id='word_1_348' title='bbox 440 4628 542 4684; x_wconf 86' lang='lat' dir='ltr'><strong>fructus</strong></span> <span class='ocrx_word' id='word_1_349' title='bbox 556 4630 728 4699; x_wconf 69' lang='lat' dir='ltr'><strong>paenitentiae.</strong></span> <span class='ocrx_word' id='word_1_350' title='bbox 739 4629 797 4685; x_wconf 86' lang='lat' dir='ltr'><strong>Non</strong></span> <span class='ocrx_word' id='word_1_351' title='bbox 808 4628 879 4685; x_wconf 89' lang='lat' dir='ltr'><strong>enim</strong></span> <span class='ocrx_word' id='word_1_352' title='bbox 891 4629 1053 4700; x_wconf 74' lang='lat' dir='ltr'><strong>paenitentia,</strong></span> <span class='ocrx_word' id='word_1_353' title='bbox 1068 4643 1120 4682; x_wconf 92' lang='lat' dir='ltr'><strong>non</strong></span> <span class='ocrx_word' id='word_1_354' title='bbox 1130 4628 1218 4691; x_wconf 70' lang='lat' dir='ltr'><strong>datum</strong></span> 
     </span>
     <span class='ocr_line' id='line_1_45' title="bbox 440 4720 1220 4791; baseline 0 -17"><span class='ocrx_word' id='word_1_355' title='bbox 440 4720 487 4774; x_wconf 85' lang='lat' dir='ltr'><strong>sed</strong></span> <span class='ocrx_word' id='word_1_356' title='bbox 509 4722 669 4790; x_wconf 85' lang='lat' dir='ltr'><strong>sempiterna</strong></span> <span class='ocrx_word' id='word_1_357' title='bbox 694 4722 741 4777; x_wconf 91' lang='lat' dir='ltr'><strong>erit</strong></span> <span class='ocrx_word' id='word_1_358' title='bbox 765 4722 916 4791; x_wconf 81' lang='lat' dir='ltr'><strong>prenitentia</strong></span> <span class='ocrx_word' id='word_1_359' title='bbox 937 4729 964 4776; x_wconf 90' lang='lat' dir='ltr'><strong>et</strong></span> <span class='ocrx_word' id='word_1_360' title='bbox 978 4721 1049 4775; x_wconf 88' lang='lat' dir='ltr'><strong>nulia</strong></span> <span class='ocrx_word' id='word_1_361' title='bbox 1064 4720 1136 4775; x_wconf 80' lang='lat' dir='ltr'><strong>salus</strong></span> <span class='ocrx_word' id='word_1_362' title='bbox 1159 4729 1220 4790; x_wconf 90' lang='lat' dir='ltr'><strong>post</strong></span> 
     </span>
     <span class='ocr_line' id='line_1_46' title="bbox 440 4812 1219 4884; baseline 0.001 -19"><span class='ocrx_word' id='word_1_363' title='bbox 440 4813 631 4879; x_wconf 84' lang='lat' dir='ltr'><strong>poerritentiam.</strong></span> <span class='ocrx_word' id='word_1_364' title='bbox 659 4812 730 4884; x_wconf 84' lang='lat' dir='ltr'><strong>Ergo</strong></span> <span class='ocrx_word' id='word_1_365' title='bbox 751 4813 794 4868; x_wconf 86' lang='lat' dir='ltr'><strong>isti</strong></span> <span class='ocrx_word' id='word_1_366' title='bbox 818 4813 969 4868; x_wconf 82' lang='lat' dir='ltr'><strong>transierunt</strong></span> <span class='ocrx_word' id='word_1_367' title='bbox 985 4815 1013 4867; x_wconf 90' lang='lat' dir='ltr'><strong>in</strong></span> <span class='ocrx_word' id='word_1_368' title='bbox 1034 4813 1219 4884; x_wconf 67' lang='lat' dir='ltr'><strong>disparitionem</strong></span> 
     </span>
     <span class='ocr_line' id='line_1_47' title="bbox 422 4890 859 4956; baseline -0.005 -2"><span class='ocrx_word' id='word_1_369' title='bbox 422 4890 531 4956; x_wconf 60' lang='lat' dir='ltr'><strong>*eorda</strong></span> <span class='ocrx_word' id='word_1_370' title='bbox 851 4894 859 4905; x_wconf 87' lang='lat'>&#39;</span> 
     </span>
     <span class='ocr_line' id='line_1_48' title="bbox 475 4990 1220 5064; baseline -0.001 -18"><span class='ocrx_word' id='word_1_371' title='bbox 475 4991 518 5048; x_wconf 85' lang='lat' dir='ltr'><strong>tt.</strong></span> <span class='ocrx_word' id='word_1_372' title='bbox 534 4990 610 5063; x_wconf 84' lang='lat' dir='ltr'><strong>[aera.</strong></span> <span class='ocrx_word' id='word_1_373' title='bbox 621 4990 661 5064; x_wconf 89' lang='grc'><strong>8.]</strong></span> <span class='ocrx_word' id='word_1_374' title='bbox 680 4992 855 5064; x_wconf 76' lang='lat' dir='ltr'><strong>cogitauerunt</strong></span> <span class='ocrx_word' id='word_1_375' title='bbox 867 5001 890 5048; x_wconf 86' lang='grc' dir='ltr'><strong>ει</strong></span> <span class='ocrx_word' id='word_1_376' title='bbox 909 4993 985 5047; x_wconf 86' lang='lat' dir='ltr'><strong>iocati</strong></span> <span class='ocrx_word' id='word_1_377' title='bbox 1003 5004 1062 5046; x_wconf 85' lang='lat' dir='ltr'><strong>mat</strong></span> <span class='ocrx_word' id='word_1_378' title='bbox 1076 4991 1220 5064; x_wconf 73' lang='lat' dir='ltr'><strong>arndgnita·</strong></span> 
     </span>
     <span class='ocr_line' id='line_1_49' title="bbox 439 5081 1219 5152; baseline 0 -16"><span class='ocrx_word' id='word_1_379' title='bbox 439 5095 498 5136; x_wconf 82' lang='lat' dir='ltr'><strong>teau</strong></span> <span class='ocrx_word' id='word_1_380' title='bbox 512 5082 564 5138; x_wconf 82' lang='lat' dir='ltr'><strong>sed</strong></span> <span class='ocrx_word' id='word_1_381' title='bbox 580 5081 722 5152; x_wconf 84' lang='lat' dir='ltr'><strong>tnqnnmur</strong></span> <span class='ocrx_word' id='word_1_382' title='bbox 732 5083 921 5152; x_wconf 85' lang='lat' dir='ltr'><strong>malignitatem</strong></span> <span class='ocrx_word' id='word_1_383' title='bbox 936 5083 1056 5138; x_wconf 78' lang='lat' dir='ltr'><strong>inamines</strong></span> <span class='ocrx_word' id='word_1_384' title='bbox 1070 5091 1097 5138; x_wconf 90' lang='lat' dir='ltr'><strong>et</strong></span> <span class='ocrx_word' id='word_1_385' title='bbox 1112 5099 1172 5139; x_wconf 93' lang='lat' dir='ltr'><strong>cum</strong></span> <span class='ocrx_word' id='word_1_386' title='bbox 1187 5083 1219 5137; x_wconf 90' lang='lat' dir='ltr'><strong>ti·</strong></span> 
     </span>
     <span class='ocr_line' id='line_1_50' title="bbox 438 5171 1218 5242; baseline 0.005 -17"><span class='ocrx_word' id='word_1_387' title='bbox 438 5187 513 5225; x_wconf 88' lang='lat' dir='ltr'><strong>urnrc</strong></span> <span class='ocrx_word' id='word_1_388' title='bbox 524 5213 532 5235; x_wconf 92' lang='lat'><strong>,</strong></span> <span class='ocrx_word' id='word_1_389' title='bbox 544 5173 586 5226; x_wconf 89' lang='lat' dir='ltr'><strong>isti</strong></span> <span class='ocrx_word' id='word_1_390' title='bbox 601 5181 689 5226; x_wconf 90' lang='lat' dir='ltr'><strong>autem</strong></span> <span class='ocrx_word' id='word_1_391' title='bbox 711 5172 863 5241; x_wconf 72' lang='lat' dir='ltr'><strong>utromodo?</strong></span> <span class='ocrx_word' id='word_1_392' title='bbox 873 5171 1033 5242; x_wconf 81' lang='lat' dir='ltr'><strong>iniquitatem</strong></span> <span class='ocrx_word' id='word_1_393' title='bbox 1049 5175 1075 5228; x_wconf 89' lang='lat' dir='ltr'><strong>ia</strong></span> <span class='ocrx_word' id='word_1_394' title='bbox 1086 5174 1165 5227; x_wconf 88' lang='lat' dir='ltr'><strong>uitam</strong></span> <span class='ocrx_word' id='word_1_395' title='bbox 1177 5174 1218 5229; x_wconf 86' lang='lat' dir='ltr'><strong>fa·</strong></span> 
     </span>
     <span class='ocr_line' id='line_1_51' title="bbox 438 5261 1217 5339; baseline 0.01 -27"><span class='ocrx_word' id='word_1_396' title='bbox 438 5261 490 5313; x_wconf 85' lang='lat' dir='ltr'><strong>cati</strong></span> <span class='ocrx_word' id='word_1_397' title='bbox 515 5272 581 5339; x_wconf 76' lang='lat' dir='ltr'><strong>aunt.</strong></span> <span class='ocrx_word' id='word_1_398' title='bbox 604 5262 661 5316; x_wconf 85' lang='lat' dir='ltr'><strong>Nun</strong></span> <span class='ocrx_word' id='word_1_399' title='bbox 684 5263 768 5316; x_wconf 87' lang='lat' dir='ltr'><strong>auium</strong></span> <span class='ocrx_word' id='word_1_400' title='bbox 791 5264 870 5318; x_wconf 84' lang='lat' dir='ltr'><strong>locuti</strong></span> <span class='ocrx_word' id='word_1_401' title='bbox 894 5273 957 5319; x_wconf 90' lang='lat' dir='ltr'><strong>sunt</strong></span> <span class='ocrx_word' id='word_1_402' title='bbox 975 5263 1217 5334; x_wconf 77' lang='lat' dir='ltr'><strong>iniquitatem3sed</strong></span> 
     </span>
     <span class='ocr_line' id='line_1_52' title="bbox 440 5353 1219 5428; baseline 0.006 -23"><span class='ocrx_word' id='word_1_403' title='bbox 440 5353 519 5407; x_wconf 88' lang='lat' dir='ltr'><strong>etiam</strong></span> <span class='ocrx_word' id='word_1_404' title='bbox 530 5354 612 5420; x_wconf 85' lang='lat' dir='ltr'><strong>ctare,</strong></span> <span class='ocrx_word' id='word_1_405' title='bbox 627 5353 795 5410; x_wconf 84' lang='lat' dir='ltr'><strong>audientibus</strong></span> <span class='ocrx_word' id='word_1_406' title='bbox 807 5355 948 5421; x_wconf 88' lang='lat' dir='ltr'><strong>omnibus,</strong></span> <span class='ocrx_word' id='word_1_407' title='bbox 964 5357 1076 5425; x_wconf 88' lang='lat' dir='ltr'><strong>superbe</strong></span> <span class='ocrx_word' id='word_1_408' title='bbox 1090 5375 1097 5411; x_wconf 76' lang='grc' dir='ltr'>ι</span> <span class='ocrx_word' id='word_1_409' title='bbox 1113 5357 1168 5428; x_wconf 80' lang='lat' dir='ltr'><strong>Ego</strong></span> <span class='ocrx_word' id='word_1_410' title='bbox 1180 5356 1219 5410; x_wconf 87' lang='lat' dir='ltr'><strong>fa-</strong></span> 
     </span>
     <span class='ocr_line' id='line_1_53' title="bbox 439 5441 1218 5517; baseline 0.01 -21"><span class='ocrx_word' id='word_1_411' title='bbox 439 5441 491 5506; x_wconf 89' lang='lat' dir='ltr'><strong>cio,</strong></span> <span class='ocrx_word' id='word_1_412' title='bbox 507 5458 557 5512; x_wconf 86' lang='lat' dir='ltr'><strong>ego</strong></span> <span class='ocrx_word' id='word_1_413' title='bbox 572 5444 702 5507; x_wconf 89' lang='lat' dir='ltr'><strong>nstend0;</strong></span> <span class='ocrx_word' id='word_1_414' title='bbox 718 5446 817 5500; x_wconf 87' lang='lat' dir='ltr'><strong>senties</strong></span> <span class='ocrx_word' id='word_1_415' title='bbox 829 5461 889 5499; x_wconf 89' lang='lat' dir='ltr'><strong>cnm</strong></span> <span class='ocrx_word' id='word_1_416' title='bbox 909 5461 961 5517; x_wconf 89' lang='lat' dir='ltr'><strong>quo</strong></span> <span class='ocrx_word' id='word_1_417' title='bbox 973 5446 1071 5512; x_wconf 81' lang='lat' dir='ltr'><strong>babes,</strong></span> <span class='ocrx_word' id='word_1_418' title='bbox 1086 5448 1177 5503; x_wconf 83' lang='lat' dir='ltr'><strong>rivere</strong></span> <span class='ocrx_word' id='word_1_419' title='bbox 1192 5458 1218 5504; x_wconf 89' lang='lat' dir='ltr'><strong>te</strong></span> 
     </span>
     <span class='ocr_line' id='line_1_54' title="bbox 440 5534 1215 5606; baseline 0.006 -20"><span class='ocrx_word' id='word_1_420' title='bbox 440 5548 493 5586; x_wconf 91' lang='lat' dir='ltr'><strong>non</strong></span> <span class='ocrx_word' id='word_1_421' title='bbox 505 5534 589 5589; x_wconf 87' lang='lat' dir='ltr'><strong>sinam</strong></span> <span class='ocrx_word' id='word_1_422' title='bbox 605 5534 626 5586; x_wconf 83' lang='lat'><strong>⁸.</strong></span> <span class='ocrx_word' id='word_1_423' title='bbox 643 5534 690 5589; x_wconf 80' lang='lat' dir='ltr'><strong>i&#39;ei</strong></span> <span class='ocrx_word' id='word_1_424' title='bbox 701 5536 830 5606; x_wconf 74' lang='lat' dir='ltr'><strong>cogitares</strong></span> <span class='ocrx_word' id='word_1_425' title='bbox 844 5551 885 5601; x_wconf 86' lang='lat' dir='ltr'><strong>ea,</strong></span> <span class='ocrx_word' id='word_1_426' title='bbox 896 5554 947 5592; x_wconf 86' lang='lat' dir='ltr'><strong>non</strong></span> <span class='ocrx_word' id='word_1_427' title='bbox 960 5538 1038 5593; x_wconf 91' lang='lat' dir='ltr'><strong>etiam</strong></span> <span class='ocrx_word' id='word_1_428' title='bbox 1051 5537 1215 5593; x_wconf 88' lang='lat' dir='ltr'><strong>effunderes:</strong></span> 
     </span>
     <span class='ocr_line' id='line_1_55' title="bbox 401 5624 1217 5697; baseline 0.011 -22"><span class='ocrx_word' id='word_1_429' title='bbox 401 5631 407 5644; x_wconf 87' lang='lat'><strong>·</strong></span> <span class='ocrx_word' id='word_1_430' title='bbox 438 5624 479 5678; x_wconf 86' lang='lat' dir='ltr'><strong>vei</strong></span> <span class='ocrx_word' id='word_1_431' title='bbox 491 5625 557 5677; x_wconf 88' lang='lat' dir='ltr'><strong>intra</strong></span> <span class='ocrx_word' id='word_1_432' title='bbox 572 5624 866 5695; x_wconf 86' lang='lat' dir='ltr'><strong>claustracngitationis</strong></span> <span class='ocrx_word' id='word_1_433' title='bbox 887 5628 955 5682; x_wconf 89' lang='lat' dir='ltr'><strong>maia</strong></span> <span class='ocrx_word' id='word_1_434' title='bbox 968 5628 1095 5697; x_wconf 87' lang='lat' dir='ltr'><strong>cupiditas</strong></span> <span class='ocrx_word' id='word_1_435' title='bbox 1108 5644 1217 5684; x_wconf 87' lang='lat' dir='ltr'><strong>coeree-</strong></span> 
     </span>
     <span class='ocr_line' id='line_1_56' title="bbox 438 5716 1215 5788; baseline 0.008 -20"><span class='ocrx_word' id='word_1_436' title='bbox 438 5726 521 5781; x_wconf 89' lang='lat' dir='ltr'><strong>retnr,</strong></span> <span class='ocrx_word' id='word_1_437' title='bbox 534 5716 574 5770; x_wconf 79' lang='lat' dir='ltr'><strong>rei</strong></span> <span class='ocrx_word' id='word_1_438' title='bbox 590 5716 735 5772; x_wconf 73' lang='lat' dir='ltr'><strong>refrenaret</strong></span> <span class='ocrx_word' id='word_1_439' title='bbox 758 5732 817 5772; x_wconf 88' lang='lat' dir='ltr'><strong>eam</strong></span> <span class='ocrx_word' id='word_1_440' title='bbox 837 5718 904 5772; x_wconf 86' lang='lat' dir='ltr'><strong>intra</strong></span> <span class='ocrx_word' id='word_1_441' title='bbox 927 5721 1110 5788; x_wconf 79' lang='lat' dir='ltr'><strong>cogitationem</strong></span> <span class='ocrx_word' id='word_1_442' title='bbox 1131 5736 1215 5776; x_wconf 83' lang='lat' dir='ltr'><strong>suam.</strong></span> 
     </span>
     <span class='ocr_line' id='line_1_57' title="bbox 437 5809 1217 5884; baseline 0.01 -24"><span class='ocrx_word' id='word_1_443' title='bbox 437 5811 544 5878; x_wconf 77' lang='lat' dir='ltr'><strong>Quare?</strong></span> <span class='ocrx_word' id='word_1_444' title='bbox 556 5823 589 5862; x_wconf 92' lang='lat' dir='ltr'><strong>an</strong></span> <span class='ocrx_word' id='word_1_445' title='bbox 615 5809 681 5864; x_wconf 88' lang='lat' dir='ltr'><strong>forte</strong></span> <span class='ocrx_word' id='word_1_446' title='bbox 701 5825 790 5865; x_wconf 89' lang='lat' dir='ltr'><strong>macer</strong></span> <span class='ocrx_word' id='word_1_447' title='bbox 803 5809 981 5866; x_wconf 50' lang='lat' dir='ltr'><strong>esri‘f&#39;mdiet</strong></span> <span class='ocrx_word' id='word_1_448' title='bbox 1001 5813 1073 5884; x_wconf 80' lang='lat' dir='ltr'><strong>quari</strong></span> <span class='ocrx_word' id='word_1_449' title='bbox 1094 5829 1126 5868; x_wconf 78' lang='lat' dir='ltr'><strong>aa</strong></span> <span class='ocrx_word' id='word_1_450' title='bbox 1142 5814 1217 5884; x_wconf 85' lang='lat' dir='ltr'><strong>adipe</strong></span> 
     </span>
    </p>
   </div>
   <div class='ocr_carea' id='block_1_3' title="bbox 468 5981 1189 6174">
    <p class='ocr_par' dir='ltr' id='par_1_3' title="bbox 468 5981 1189 6174">
     <span class='ocr_line' id='line_1_58' title="bbox 468 5981 973 6046; baseline 0.012 -16"><span class='ocrx_word' id='word_1_451' title='bbox 468 5985 475 6015; x_wconf 86' lang='lat'><strong>¹</strong></span> <span class='ocrx_word' id='word_1_452' title='bbox 493 5985 530 6035; x_wconf 77' lang='lat' dir='ltr'><strong>sie</strong></span> <span class='ocrx_word' id='word_1_453' title='bbox 541 5981 624 6045; x_wconf 76' lang='lat' dir='ltr'><strong>piures</strong></span> <span class='ocrx_word' id='word_1_454' title='bbox 631 5989 685 6033; x_wconf 75' lang='lat' dir='ltr'><strong>tiss</strong></span> <span class='ocrx_word' id='word_1_455' title='bbox 700 5982 807 6034; x_wconf 81' lang='lat' dir='ltr'><strong>ibicum</strong></span> <span class='ocrx_word' id='word_1_456' title='bbox 817 5984 883 6046; x_wconf 73' lang='lat' dir='ltr'><strong>edd,</strong></span> <span class='ocrx_word' id='word_1_457' title='bbox 893 5991 973 6036; x_wconf 73' lang='lat' dir='ltr'><strong>eattta</strong></span> 
     </span>
     <span class='ocr_line' id='line_1_59' title="bbox 468 6045 769 6107; baseline 0 -15"><span class='ocrx_word' id='word_1_458' title='bbox 468 6046 477 6076; x_wconf 78' lang='lat'>⁸</span> <span class='ocrx_word' id='word_1_459' title='bbox 494 6045 585 6101; x_wconf 69' lang='lat' dir='ltr'><strong>atterunt</strong></span> <span class='ocrx_word' id='word_1_460' title='bbox 595 6052 660 6104; x_wconf 78' lang='lat' dir='ltr'><strong>tres,</strong></span> <span class='ocrx_word' id='word_1_461' title='bbox 670 6051 769 6107; x_wconf 81' lang='lat' dir='ltr'><strong>putreat.</strong></span> 
     </span>
     <span class='ocr_line' id='line_1_60' title="bbox 468 6106 1189 6174; baseline 0.006 -17"><span class='ocrx_word' id='word_1_462' title='bbox 468 6106 478 6138; x_wconf 81' lang='lat'>⁸</span> <span class='ocrx_word' id='word_1_463' title='bbox 494 6108 534 6157; x_wconf 74' lang='lat' dir='ltr'><strong>atie</strong></span> <span class='ocrx_word' id='word_1_464' title='bbox 545 6108 569 6158; x_wconf 86' lang='lat' dir='ltr'><strong>tn</strong></span> <span class='ocrx_word' id='word_1_465' title='bbox 582 6107 636 6158; x_wconf 79' lang='grc' dir='ltr'>ειιιι.</span> <span class='ocrx_word' id='word_1_466' title='bbox 649 6108 808 6172; x_wconf 69' lang='lat' dir='ltr'><strong>premittitur,</strong></span> <span class='ocrx_word' id='word_1_467' title='bbox 818 6107 919 6173; x_wconf 76' lang='lat' dir='ltr'><strong>ruperim</strong></span> <span class='ocrx_word' id='word_1_468' title='bbox 933 6109 1015 6174; x_wconf 87' lang='lat' dir='ltr'><strong>:quod</strong></span> <span class='ocrx_word' id='word_1_469' title='bbox 1025 6123 1039 6161; x_wconf 86' lang='lat' dir='ltr'><strong>a</strong></span> <span class='ocrx_word' id='word_1_470' title='bbox 1049 6117 1101 6162; x_wconf 79' lang='grc' dir='ltr'>ιιεε</span> <span class='ocrx_word' id='word_1_471' title='bbox 1114 6110 1189 6164; x_wconf 81' lang='lat' dir='ltr'><strong>abest.</strong></span> 
     </span>
    </p>
   </div>
   <div class='ocr_carea' id='block_1_4' title="bbox 974 673 1527 745">
    <p class='ocr_par' dir='ltr' id='par_1_4' title="bbox 974 673 1527 745">
     <span class='ocr_line' id='line_1_61' title="bbox 974 673 1527 745; baseline 0.02 -13"><span class='ocrx_word' id='word_1_472' title='bbox 974 673 1173 736; x_wconf 66' lang='lat' dir='ltr'><strong>restaurato</strong></span> <span class='ocrx_word' id='word_1_473' title='bbox 1191 679 1223 736; x_wconf 80' lang='grc' dir='ltr'><strong>ΙΝ</strong></span> <span class='ocrx_word' id='word_1_474' title='bbox 1243 680 1401 744; x_wconf 81' lang='lat' dir='ltr'><strong>esauttdtt</strong></span> <span class='ocrx_word' id='word_1_475' title='bbox 1421 683 1527 745; x_wconf 71' lang='lat' dir='ltr'><strong>Uibii.</strong></span> 
     </span>
    </p>
   </div>
   <div class='ocr_carea' id='block_1_5' title="bbox 1268 795 2104 6070">
    <p class='ocr_par' dir='ltr' id='par_1_5' title="bbox 1282 795 2062 873">
     <span class='ocr_line' id='line_1_62' title="bbox 1282 795 2062 873; baseline 0.022 -26"><span class='ocrx_word' id='word_1_476' title='bbox 1282 795 1402 865; x_wconf 75' lang='lat' dir='ltr'><strong>imparitas</strong></span> <span class='ocrx_word' id='word_1_477' title='bbox 1431 817 1526 855; x_wconf 88' lang='lat' dir='ltr'><strong>eornm.</strong></span> <span class='ocrx_word' id='word_1_478' title='bbox 1553 801 1713 873; x_wconf 80' lang='lat' dir='ltr'><strong>iniguitatem</strong></span> <span class='ocrx_word' id='word_1_479' title='bbox 1737 810 1774 866; x_wconf 82' lang='lat' dir='ltr'><strong>ia,</strong></span> <span class='ocrx_word' id='word_1_480' title='bbox 1793 807 1872 862; x_wconf 81' lang='lat' dir='ltr'><strong>afram</strong></span> <span class='ocrx_word' id='word_1_481' title='bbox 1896 808 1973 863; x_wconf 87' lang='lat' dir='ltr'><strong>focrtti</strong></span> <span class='ocrx_word' id='word_1_482' title='bbox 1993 823 2062 864; x_wconf 70' lang='lat' dir='ltr'><strong>narrt.</strong></span> 
     </span>
    </p>

    <p class='ocr_par' dir='ltr' id='par_1_6' title="bbox 1276 887 2075 2875">
     <span class='ocr_line' id='line_1_63' title="bbox 1321 887 2063 971; baseline 0.016 -29"><span class='ocrx_word' id='word_1_483' title='bbox 1321 887 1361 943; x_wconf 82' lang='lat' dir='ltr'><strong>ts.</strong></span> <span class='ocrx_word' id='word_1_484' title='bbox 1374 888 1447 959; x_wconf 75' lang='lat' dir='ltr'><strong>[uere</strong></span> <span class='ocrx_word' id='word_1_485' title='bbox 1462 888 1651 964; x_wconf 84' lang='lat' dir='ltr'><strong>9.]Pamcrttat</strong></span> <span class='ocrx_word' id='word_1_486' title='bbox 1668 896 1694 947; x_wconf 92' lang='lat' dir='ltr'><strong>in</strong></span> <span class='ocrx_word' id='word_1_487' title='bbox 1704 894 1793 950; x_wconf 74' lang='lat' dir='ltr'><strong>antam</strong></span> <span class='ocrx_word' id='word_1_488' title='bbox 1812 900 2063 971; x_wconf 60' lang='lat' dir='ltr'><strong>remouendaque</strong></span> 
     </span>
     <span class='ocr_line' id='line_1_64' title="bbox 1280 982 2063 1062; baseline 0.019 -30"><span class='ocrx_word' id='word_1_489' title='bbox 1280 994 1369 1033; x_wconf 74' lang='lat' dir='ltr'><strong>eornm</strong></span> <span class='ocrx_word' id='word_1_490' title='bbox 1379 982 1474 1036; x_wconf 69' lang='lat' dir='ltr'><strong>manmit</strong></span> <span class='ocrx_word' id='word_1_491' title='bbox 1484 999 1560 1053; x_wconf 77' lang='lat' dir='ltr'><strong>saper</strong></span> <span class='ocrx_word' id='word_1_492' title='bbox 1571 994 1672 1039; x_wconf 83' lang='lat' dir='ltr'><strong>terram.</strong></span> <span class='ocrx_word' id='word_1_493' title='bbox 1681 985 1748 1055; x_wconf 82' lang='lat' dir='ltr'><strong>Quid</strong></span> <span class='ocrx_word' id='word_1_494' title='bbox 1757 996 1798 1044; x_wconf 87' lang='lat' dir='ltr'><strong>est</strong></span> <span class='ocrx_word' id='word_1_495' title='bbox 1810 987 1870 1056; x_wconf 83' lang='lat' dir='ltr'><strong>froc,</strong></span> <span class='ocrx_word' id='word_1_496' title='bbox 1881 992 1980 1046; x_wconf 76' lang='lat' dir='ltr'><strong>anaia</strong></span> <span class='ocrx_word' id='word_1_497' title='bbox 1988 1009 2063 1062; x_wconf 75' lang='lat' dir='ltr'><strong>saper</strong></span> 
     </span>
     <span class='ocr_line' id='line_1_65' title="bbox 1284 1070 2060 1141; baseline 0.019 -19"><span class='ocrx_word' id='word_1_498' title='bbox 1284 1071 1396 1125; x_wconf 82' lang='lat' dir='ltr'><strong>teamrnf</strong></span> <span class='ocrx_word' id='word_1_499' title='bbox 1405 1070 1586 1137; x_wconf 89' lang='lat' dir='ltr'><strong>Quaddictum</strong></span> <span class='ocrx_word' id='word_1_500' title='bbox 1596 1084 1647 1141; x_wconf 89' lang='lat' dir='ltr'><strong>est,</strong></span> <span class='ocrx_word' id='word_1_501' title='bbox 1659 1074 1833 1132; x_wconf 87' lang='lat' dir='ltr'><strong>Pomerantr&#39;a</strong></span> <span class='ocrx_word' id='word_1_502' title='bbox 1841 1078 1930 1134; x_wconf 86' lang='lat' dir='ltr'><strong>coefam</strong></span> <span class='ocrx_word' id='word_1_503' title='bbox 1938 1097 1967 1136; x_wconf 83' lang='lat' dir='ltr'><strong>or</strong></span> <span class='ocrx_word' id='word_1_504' title='bbox 1975 1098 2060 1137; x_wconf 83' lang='lat' dir='ltr'><strong>raam.</strong></span> 
     </span>
     <span class='ocr_line' id='line_1_66' title="bbox 1284 1157 2062 1239; baseline 0.021 -26"><span class='ocrx_word' id='word_1_505' title='bbox 1284 1157 1340 1215; x_wconf 84' lang='lat' dir='ltr'><strong>Huc</strong></span> <span class='ocrx_word' id='word_1_506' title='bbox 1353 1169 1394 1215; x_wconf 87' lang='lat' dir='ltr'><strong>est</strong></span> <span class='ocrx_word' id='word_1_507' title='bbox 1405 1163 1485 1239; x_wconf 71' lang='lat' dir='ltr'><strong>enim,</strong></span> <span class='ocrx_word' id='word_1_508' title='bbox 1495 1165 1595 1219; x_wconf 79' lang='lat' dir='ltr'><strong>transiit</strong></span> <span class='ocrx_word' id='word_1_509' title='bbox 1605 1182 1681 1235; x_wconf 83' lang='lat' dir='ltr'><strong>saper</strong></span> <span class='ocrx_word' id='word_1_510' title='bbox 1694 1177 1795 1233; x_wconf 86' lang='lat' dir='ltr'><strong>terram,</strong></span> <span class='ocrx_word' id='word_1_511' title='bbox 1807 1177 1946 1226; x_wconf 86' lang='lat' dir='ltr'><strong>transeunt</strong></span> <span class='ocrx_word' id='word_1_512' title='bbox 1957 1180 2062 1229; x_wconf 84' lang='lat' dir='ltr'><strong>terrena</strong></span> 
     </span>
     <span class='ocr_line' id='line_1_67' title="bbox 1283 1235 2063 1334; baseline 0.026 -34"><span class='ocrx_word' id='word_1_513' title='bbox 1283 1249 1382 1304; x_wconf 71' lang='lat' dir='ltr'><strong>onina.</strong></span> <span class='ocrx_word' id='word_1_514' title='bbox 1390 1249 1458 1316; x_wconf 83' lang='lat' dir='ltr'><strong>Quid</strong></span> <span class='ocrx_word' id='word_1_515' title='bbox 1468 1261 1518 1317; x_wconf 89' lang='grc' dir='ltr'>εει,</span> <span class='ocrx_word' id='word_1_516' title='bbox 1529 1257 1639 1310; x_wconf 92' lang='lat' dir='ltr'><strong>transire</strong></span> <span class='ocrx_word' id='word_1_517' title='bbox 1649 1265 1753 1312; x_wconf 89' lang='lat' dir='ltr'><strong>terrena</strong></span> <span class='ocrx_word' id='word_1_518' title='bbox 1762 1235 2063 1334; x_wconf 69' lang='lat' dir='ltr'><strong>omniaiNonsecogitat</strong></span> 
     </span>
     <span class='ocr_line' id='line_1_68' title="bbox 1282 1340 2075 1428; baseline 0.019 -32"><span class='ocrx_word' id='word_1_519' title='bbox 1282 1340 2075 1428; x_wconf 66' lang='lat' dir='ltr'><strong>itomiaemsubitumoriposse,cumloquitur:artrusisernpcr=</strong></span> 
     </span>
     <span class='ocr_line' id='line_1_69' title="bbox 1283 1432 2061 1511; baseline 0.017 -22"><span class='ocrx_word' id='word_1_520' title='bbox 1283 1432 1402 1489; x_wconf 81' lang='lat' dir='ltr'><strong>victurus</strong></span> <span class='ocrx_word' id='word_1_521' title='bbox 1412 1436 1527 1491; x_wconf 85' lang='lat' dir='ltr'><strong>ntinatur</strong></span> <span class='ocrx_word' id='word_1_522' title='bbox 1537 1455 1544 1492; x_wconf 80' lang='lat' dir='ltr'><em>z</em></span> <span class='ocrx_word' id='word_1_523' title='bbox 1555 1440 1715 1495; x_wconf 85' lang='lat' dir='ltr'><strong>transcendit</strong></span> <span class='ocrx_word' id='word_1_524' title='bbox 1722 1443 1845 1511; x_wconf 83' lang='lat' dir='ltr'><strong>cogitatio</strong></span> <span class='ocrx_word' id='word_1_525' title='bbox 1853 1441 1923 1498; x_wconf 88' lang='lat' dir='ltr'><strong>iilius</strong></span> <span class='ocrx_word' id='word_1_526' title='bbox 1930 1455 2061 1502; x_wconf 87' lang='lat' dir='ltr'><strong>terrenam</strong></span> 
     </span>
     <span class='ocr_line' id='line_1_70' title="bbox 1283 1523 2063 1609; baseline 0.018 -30"><span class='ocrx_word' id='word_1_527' title='bbox 1283 1523 2063 1609; x_wconf 62' lang='lat' dir='ltr'><strong>fragilitatemnescitquaiivaprcoopertusest,neseitqnod</strong></span> 
     </span>
     <span class='ocr_line' id='line_1_71' title="bbox 1281 1617 2060 1699; baseline 0.013 -27"><span class='ocrx_word' id='word_1_528' title='bbox 1281 1617 1408 1686; x_wconf 88' lang='lat' dir='ltr'><strong>scriptum</strong></span> <span class='ocrx_word' id='word_1_529' title='bbox 1422 1619 1526 1674; x_wconf 85' lang='lat' dir='ltr'><strong>estatio</strong></span> <span class='ocrx_word' id='word_1_530' title='bbox 1541 1619 1598 1676; x_wconf 87' lang='lat' dir='ltr'><strong>iaco</strong></span> <span class='ocrx_word' id='word_1_531' title='bbox 1608 1620 1652 1676; x_wconf 49' lang='lat' dir='ltr'><strong>de*</strong></span> <span class='ocrx_word' id='word_1_532' title='bbox 1664 1621 1758 1677; x_wconf 84' lang='lat' dir='ltr'><strong>tatibus</strong></span> <span class='ocrx_word' id='word_1_533' title='bbox 1771 1639 1779 1679; x_wconf 90' lang='lat'>:</span> <span class='ocrx_word' id='word_1_534' title='bbox 1791 1620 1865 1677; x_wconf 75' lang='lat' dir='ltr'><strong>Exiet</strong></span> <span class='ocrx_word' id='word_1_535' title='bbox 1874 1625 1978 1693; x_wconf 77' lang='lat' dir='ltr'><strong>spiritua</strong></span> <span class='ocrx_word' id='word_1_536' title='bbox 1989 1629 2060 1699; x_wconf 76' lang='lat' dir='ltr'><strong>ejas,</strong></span> 
     </span>
     <span class='ocr_line' id='line_1_72' title="bbox 1281 1712 2062 1785; baseline 0.013 -22"><span class='ocrx_word' id='word_1_537' title='bbox 1281 1718 1304 1763; x_wconf 85' lang='grc' dir='ltr'><strong>ει</strong></span> <span class='ocrx_word' id='word_1_538' title='bbox 1315 1720 1448 1765; x_wconf 78' lang='lat' dir='ltr'><strong>renarnar</strong></span> <span class='ocrx_word' id='word_1_539' title='bbox 1457 1712 1484 1766; x_wconf 88' lang='lat' dir='ltr'><strong>ia</strong></span> <span class='ocrx_word' id='word_1_540' title='bbox 1502 1719 1596 1767; x_wconf 76' lang='lat' dir='ltr'><strong>terram</strong></span> <span class='ocrx_word' id='word_1_541' title='bbox 1607 1730 1695 1779; x_wconf 85' lang='lat' dir='ltr'><strong>raanr‚·</strong></span> <span class='ocrx_word' id='word_1_542' title='bbox 1707 1715 1733 1768; x_wconf 86' lang='lat' dir='ltr'><strong>in</strong></span> <span class='ocrx_word' id='word_1_543' title='bbox 1747 1715 1792 1768; x_wconf 88' lang='lat' dir='ltr'><strong>iffa</strong></span> <span class='ocrx_word' id='word_1_544' title='bbox 1802 1714 1843 1770; x_wconf 87' lang='lat' dir='ltr'><strong>die</strong></span> <span class='ocrx_word' id='word_1_545' title='bbox 1854 1717 1967 1785; x_wconf 82' lang='lat' dir='ltr'><strong>peribant</strong></span> <span class='ocrx_word' id='word_1_546' title='bbox 1977 1735 2062 1773; x_wconf 80' lang='lat' dir='ltr'><strong>ontrrea</strong></span> 
     </span>
     <span class='ocr_line' id='line_1_73' title="bbox 1280 1799 2062 1873; baseline 0.014 -22"><span class='ocrx_word' id='word_1_547' title='bbox 1280 1799 1442 1870; x_wconf 78' lang='lat' dir='ltr'><strong>cogitationes</strong></span> <span class='ocrx_word' id='word_1_548' title='bbox 1450 1803 1504 1868; x_wconf 62' lang='lat' dir='ltr'><strong>aas</strong></span> <span class='ocrx_word' id='word_1_549' title='bbox 1517 1800 1602 1873; x_wconf 80' lang='lat' dir='ltr'><strong>(Psoi.</strong></span> <span class='ocrx_word' id='word_1_550' title='bbox 1618 1819 1696 1868; x_wconf 79' lang='lat' dir='ltr'><strong>exta,</strong></span> <span class='ocrx_word' id='word_1_551' title='bbox 1712 1803 1749 1869; x_wconf 79' lang='lat' dir='ltr'><strong>d).</strong></span> <span class='ocrx_word' id='word_1_552' title='bbox 1769 1805 1822 1862; x_wconf 90' lang='lat' dir='ltr'><strong>Sed</strong></span> <span class='ocrx_word' id='word_1_553' title='bbox 1845 1806 1890 1861; x_wconf 85' lang='lat' dir='ltr'><strong>isti</strong></span> <span class='ocrx_word' id='word_1_554' title='bbox 1909 1806 1979 1862; x_wconf 90' lang='lat' dir='ltr'><strong>diem</strong></span> <span class='ocrx_word' id='word_1_555' title='bbox 2001 1809 2062 1863; x_wconf 90' lang='lat' dir='ltr'><strong>uiti-</strong></span> 
     </span>
     <span class='ocr_line' id='line_1_74' title="bbox 1279 1890 2060 1967; baseline 0.014 -24"><span class='ocrx_word' id='word_1_556' title='bbox 1279 1904 1352 1943; x_wconf 91' lang='lat' dir='ltr'><strong>mum</strong></span> <span class='ocrx_word' id='word_1_557' title='bbox 1364 1905 1441 1944; x_wconf 88' lang='lat' dir='ltr'><strong>suum</strong></span> <span class='ocrx_word' id='word_1_558' title='bbox 1459 1906 1512 1946; x_wconf 92' lang='lat' dir='ltr'><strong>nnn</strong></span> <span class='ocrx_word' id='word_1_559' title='bbox 1533 1890 1695 1963; x_wconf 70' lang='lat' dir='ltr'><strong>cogitantes,</strong></span> <span class='ocrx_word' id='word_1_560' title='bbox 1709 1895 1852 1967; x_wconf 81' lang='lat' dir='ltr'><strong>toquentur</strong></span> <span class='ocrx_word' id='word_1_561' title='bbox 1868 1899 2017 1967; x_wconf 85' lang='lat' dir='ltr'><strong>superbiam</strong></span> <span class='ocrx_word' id='word_1_562' title='bbox 2034 1901 2060 1962; x_wconf 89' lang='lat'><strong>¹;</strong></span> 
     </span>
     <span class='ocr_line' id='line_1_75' title="bbox 1279 1983 2057 2063; baseline 0.012 -26"><span class='ocrx_word' id='word_1_563' title='bbox 1279 1992 1307 2037; x_wconf 91' lang='grc' dir='ltr'><strong>ει</strong></span> <span class='ocrx_word' id='word_1_564' title='bbox 1319 1983 1345 2036; x_wconf 93' lang='lat' dir='ltr'><strong>in</strong></span> <span class='ocrx_word' id='word_1_565' title='bbox 1358 1983 1454 2039; x_wconf 90' lang='lat' dir='ltr'><strong>coeinru</strong></span> <span class='ocrx_word' id='word_1_566' title='bbox 1465 1993 1566 2053; x_wconf 79' lang='lat' dir='ltr'><strong>pontum</strong></span> <span class='ocrx_word' id='word_1_567' title='bbox 1576 2000 1607 2039; x_wconf 85' lang='lat' dir='ltr'><strong>us</strong></span> <span class='ocrx_word' id='word_1_568' title='bbox 1620 2003 1713 2054; x_wconf 90' lang='lat' dir='ltr'><strong>snum,</strong></span> <span class='ocrx_word' id='word_1_569' title='bbox 1725 1997 1753 2043; x_wconf 91' lang='lat' dir='ltr'><strong>et</strong></span> <span class='ocrx_word' id='word_1_570' title='bbox 1768 1990 1938 2045; x_wconf 84' lang='lat' dir='ltr'><strong>trascendunt</strong></span> <span class='ocrx_word' id='word_1_571' title='bbox 1951 1999 2057 2063; x_wconf 86' lang='lat' dir='ltr'><strong>terram.</strong></span> 
     </span>
     <span class='ocr_line' id='line_1_76' title="bbox 1278 2069 2058 2151; baseline 0.012 -24"><span class='ocrx_word' id='word_1_572' title='bbox 1278 2069 1306 2127; x_wconf 87' lang='lat' dir='ltr'><strong>Si</strong></span> <span class='ocrx_word' id='word_1_573' title='bbox 1330 2072 1448 2128; x_wconf 85' lang='lat' dir='ltr'><strong>uitirnmn</strong></span> <span class='ocrx_word' id='word_1_574' title='bbox 1462 2090 1538 2130; x_wconf 91' lang='lat' dir='ltr'><strong>sunm</strong></span> <span class='ocrx_word' id='word_1_575' title='bbox 1550 2075 1621 2131; x_wconf 88' lang='lat' dir='ltr'><strong>diem</strong></span> <span class='ocrx_word' id='word_1_576' title='bbox 1643 2092 1695 2131; x_wconf 92' lang='lat' dir='ltr'><strong>non</strong></span> <span class='ocrx_word' id='word_1_577' title='bbox 1716 2079 1865 2148; x_wconf 88' lang='lat' dir='ltr'><strong>cogitaret,</strong></span> <span class='ocrx_word' id='word_1_578' title='bbox 1880 2080 1905 2134; x_wconf 92' lang='lat' dir='ltr'><strong>id</strong></span> <span class='ocrx_word' id='word_1_579' title='bbox 1916 2090 1956 2135; x_wconf 88' lang='lat' dir='ltr'><strong>est</strong></span> <span class='ocrx_word' id='word_1_580' title='bbox 1967 2080 2058 2151; x_wconf 85' lang='lat' dir='ltr'><strong>judicit</strong></span> 
     </span>
     <span class='ocr_line' id='line_1_77' title="bbox 1278 2162 2059 2235; baseline 0.013 -18"><span class='ocrx_word' id='word_1_581' title='bbox 1278 2163 1318 2217; x_wconf 89' lang='lat' dir='ltr'><strong>sui</strong></span> <span class='ocrx_word' id='word_1_582' title='bbox 1339 2162 1459 2218; x_wconf 85' lang='lat' dir='ltr'><strong>ultimum</strong></span> <span class='ocrx_word' id='word_1_583' title='bbox 1482 2164 1572 2231; x_wconf 90' lang='lat' dir='ltr'><strong>diem,</strong></span> <span class='ocrx_word' id='word_1_584' title='bbox 1589 2166 1655 2221; x_wconf 82' lang='lat' dir='ltr'><strong>latro</strong></span> <span class='ocrx_word' id='word_1_585' title='bbox 1675 2167 1771 2223; x_wconf 89' lang='lat' dir='ltr'><strong>missus</strong></span> <span class='ocrx_word' id='word_1_586' title='bbox 1785 2168 1810 2223; x_wconf 90' lang='lat' dir='ltr'><strong>in</strong></span> <span class='ocrx_word' id='word_1_587' title='bbox 1825 2184 1974 2235; x_wconf 88' lang='lat' dir='ltr'><strong>carcerem,</strong></span> <span class='ocrx_word' id='word_1_588' title='bbox 1995 2171 2059 2227; x_wconf 88' lang='lat' dir='ltr'><strong>nibii</strong></span> 
     </span>
     <span class='ocr_line' id='line_1_78' title="bbox 1277 2253 2059 2331; baseline 0.01 -24"><span class='ocrx_word' id='word_1_589' title='bbox 1277 2253 1324 2308; x_wconf 89' lang='lat' dir='ltr'><strong>iiio</strong></span> <span class='ocrx_word' id='word_1_590' title='bbox 1345 2265 1416 2311; x_wconf 87' lang='lat' dir='ltr'><strong>esset</strong></span> <span class='ocrx_word' id='word_1_591' title='bbox 1439 2256 1595 2322; x_wconf 91' lang='lat' dir='ltr'><strong>immanius;</strong></span> <span class='ocrx_word' id='word_1_592' title='bbox 1611 2269 1635 2312; x_wconf 88' lang='lat' dir='ltr'><strong>et</strong></span> <span class='ocrx_word' id='word_1_593' title='bbox 1657 2270 1742 2312; x_wconf 88' lang='lat' dir='ltr'><strong>tamen</strong></span> <span class='ocrx_word' id='word_1_594' title='bbox 1756 2268 1846 2328; x_wconf 87' lang='lat' dir='ltr'><strong>posset</strong></span> <span class='ocrx_word' id='word_1_595' title='bbox 1861 2260 1986 2331; x_wconf 85' lang='lat' dir='ltr'><strong>cffrrgere.</strong></span> <span class='ocrx_word' id='word_1_596' title='bbox 2002 2262 2059 2328; x_wconf 90' lang='lat' dir='ltr'><strong>Quo</strong></span> 
     </span>
     <span class='ocr_line' id='line_1_79' title="bbox 1277 2344 2058 2422; baseline 0.014 -21"><span class='ocrx_word' id='word_1_597' title='bbox 1277 2344 1346 2417; x_wconf 89' lang='lat' dir='ltr'><strong>fugis</strong></span> <span class='ocrx_word' id='word_1_598' title='bbox 1359 2365 1393 2403; x_wconf 92' lang='lat' dir='ltr'><strong>ae</strong></span> <span class='ocrx_word' id='word_1_599' title='bbox 1413 2346 1551 2404; x_wconf 78' lang='lat' dir='ltr'><strong>moriaris?</strong></span> <span class='ocrx_word' id='word_1_600' title='bbox 1562 2352 1655 2407; x_wconf 85' lang='lat' dir='ltr'><strong>Certus</strong></span> <span class='ocrx_word' id='word_1_601' title='bbox 1671 2353 1721 2408; x_wconf 91' lang='lat' dir='ltr'><strong>erit</strong></span> <span class='ocrx_word' id='word_1_602' title='bbox 1739 2353 1783 2408; x_wconf 87' lang='lat' dir='ltr'><strong>ilie</strong></span> <span class='ocrx_word' id='word_1_603' title='bbox 1796 2353 1863 2409; x_wconf 88' lang='lat' dir='ltr'><strong>dies.</strong></span> <span class='ocrx_word' id='word_1_604' title='bbox 1877 2354 1944 2422; x_wconf 87' lang='lat' dir='ltr'><strong>Quid</strong></span> <span class='ocrx_word' id='word_1_605' title='bbox 1960 2367 2000 2411; x_wconf 91' lang='lat' dir='ltr'><strong>est</strong></span> <span class='ocrx_word' id='word_1_606' title='bbox 2013 2356 2058 2411; x_wconf 91' lang='lat' dir='ltr'><strong>diu</strong></span> 
     </span>
     <span class='ocr_line' id='line_1_80' title="bbox 1276 2438 2057 2515; baseline 0.015 -23"><span class='ocrx_word' id='word_1_607' title='bbox 1276 2438 1347 2509; x_wconf 84' lang='lat' dir='ltr'><strong>quod</strong></span> <span class='ocrx_word' id='word_1_608' title='bbox 1360 2440 1475 2496; x_wconf 85' lang='lat' dir='ltr'><strong>victurus</strong></span> <span class='ocrx_word' id='word_1_609' title='bbox 1485 2442 1530 2496; x_wconf 82' lang='lat' dir='ltr'><strong>esi</strong></span> <span class='ocrx_word' id='word_1_610' title='bbox 1539 2442 1671 2509; x_wconf 89' lang='lat' dir='ltr'><strong>Quantum</strong></span> <span class='ocrx_word' id='word_1_611' title='bbox 1686 2453 1727 2500; x_wconf 89' lang='lat' dir='ltr'><strong>est</strong></span> <span class='ocrx_word' id='word_1_612' title='bbox 1738 2445 1783 2499; x_wconf 88' lang='lat' dir='ltr'><strong>diu</strong></span> <span class='ocrx_word' id='word_1_613' title='bbox 1797 2445 1867 2515; x_wconf 85' lang='lat' dir='ltr'><strong>quod</strong></span> <span class='ocrx_word' id='word_1_614' title='bbox 1879 2446 1957 2503; x_wconf 71' lang='lat' dir='ltr'><strong>bairet</strong></span> <span class='ocrx_word' id='word_1_615' title='bbox 1967 2447 2057 2514; x_wconf 80' lang='lat' dir='ltr'><strong>barem,</strong></span> 
     </span>
     <span class='ocr_line' id='line_1_81' title="bbox 1277 2529 2059 2604; baseline 0.013 -19"><span class='ocrx_word' id='word_1_616' title='bbox 1277 2530 1326 2585; x_wconf 88' lang='lat' dir='ltr'><strong>etsi</strong></span> <span class='ocrx_word' id='word_1_617' title='bbox 1340 2529 1385 2585; x_wconf 90' lang='lat' dir='ltr'><strong>diu</strong></span> <span class='ocrx_word' id='word_1_618' title='bbox 1395 2532 1486 2587; x_wconf 82' lang='lat' dir='ltr'><strong>essetf</strong></span> <span class='ocrx_word' id='word_1_619' title='bbox 1501 2532 1558 2589; x_wconf 90' lang='lat' dir='ltr'><strong>iiuc</strong></span> <span class='ocrx_word' id='word_1_620' title='bbox 1575 2534 1679 2590; x_wconf 88' lang='lat' dir='ltr'><strong>accedit</strong></span> <span class='ocrx_word' id='word_1_621' title='bbox 1697 2535 1822 2604; x_wconf 80' lang='lat' dir='ltr'><strong>quianon</strong></span> <span class='ocrx_word' id='word_1_622' title='bbox 1839 2544 1897 2591; x_wconf 90' lang='lat' dir='ltr'><strong>est:</strong></span> <span class='ocrx_word' id='word_1_623' title='bbox 1912 2547 1940 2592; x_wconf 90' lang='grc' dir='ltr'><strong>ει</strong></span> <span class='ocrx_word' id='word_1_624' title='bbox 1952 2553 2004 2592; x_wconf 92' lang='lat' dir='ltr'><strong>noa</strong></span> <span class='ocrx_word' id='word_1_625' title='bbox 2017 2548 2059 2594; x_wconf 89' lang='lat' dir='ltr'><strong>cst</strong></span> 
     </span>
     <span class='ocr_line' id='line_1_82' title="bbox 1277 2617 2057 2696; baseline 0.014 -24"><span class='ocrx_word' id='word_1_626' title='bbox 1277 2617 1340 2685; x_wconf 89' lang='lat' dir='ltr'><strong>diu,</strong></span> <span class='ocrx_word' id='word_1_627' title='bbox 1354 2629 1379 2674; x_wconf 91' lang='grc' dir='ltr'><strong>ει</strong></span> <span class='ocrx_word' id='word_1_628' title='bbox 1400 2620 1529 2677; x_wconf 89' lang='lat' dir='ltr'><strong>incertam</strong></span> <span class='ocrx_word' id='word_1_629' title='bbox 1542 2633 1583 2678; x_wconf 89' lang='lat' dir='ltr'><strong>est</strong></span> <span class='ocrx_word' id='word_1_630' title='bbox 1595 2623 1680 2693; x_wconf 91' lang='lat' dir='ltr'><strong>ipsum</strong></span> <span class='ocrx_word' id='word_1_631' title='bbox 1698 2623 1769 2694; x_wconf 84' lang='lat' dir='ltr'><strong>qrrod</strong></span> <span class='ocrx_word' id='word_1_632' title='bbox 1785 2624 1882 2680; x_wconf 88' lang='lat' dir='ltr'><strong>dicitur</strong></span> <span class='ocrx_word' id='word_1_633' title='bbox 1899 2626 1954 2681; x_wconf 89' lang='lat' dir='ltr'><strong>diu.</strong></span> <span class='ocrx_word' id='word_1_634' title='bbox 1970 2627 2057 2696; x_wconf 87' lang='lat' dir='ltr'><strong>Quare</strong></span> 
     </span>
     <span class='ocr_line' id='line_1_83' title="bbox 1277 2707 2058 2784; baseline 0.014 -21"><span class='ocrx_word' id='word_1_635' title='bbox 1277 2707 1327 2763; x_wconf 88' lang='lat' dir='ltr'><strong>hae</strong></span> <span class='ocrx_word' id='word_1_636' title='bbox 1340 2724 1392 2765; x_wconf 92' lang='lat' dir='ltr'><strong>non</strong></span> <span class='ocrx_word' id='word_1_637' title='bbox 1407 2712 1525 2781; x_wconf 83' lang='lat' dir='ltr'><strong>cogitati</strong></span> <span class='ocrx_word' id='word_1_638' title='bbox 1539 2711 1605 2779; x_wconf 89' lang='lat' dir='ltr'><strong>Quia</strong></span> <span class='ocrx_word' id='word_1_639' title='bbox 1621 2715 1707 2782; x_wconf 85' lang='lat' dir='ltr'><strong>posuit</strong></span> <span class='ocrx_word' id='word_1_640' title='bbox 1720 2716 1746 2769; x_wconf 90' lang='lat' dir='ltr'><strong>in</strong></span> <span class='ocrx_word' id='word_1_641' title='bbox 1763 2717 1862 2771; x_wconf 87' lang='lat' dir='ltr'><strong>eoeium</strong></span> <span class='ocrx_word' id='word_1_642' title='bbox 1876 2731 1907 2773; x_wconf 91' lang='lat' dir='ltr'><strong>os</strong></span> <span class='ocrx_word' id='word_1_643' title='bbox 1919 2731 2015 2784; x_wconf 86' lang='lat' dir='ltr'><strong>suurn,</strong></span> <span class='ocrx_word' id='word_1_644' title='bbox 2031 2729 2058 2774; x_wconf 92' lang='grc' dir='ltr'><strong>ει</strong></span> 
     </span>
     <span class='ocr_line' id='line_1_84' title="bbox 1277 2799 1754 2875; baseline 0.015 -21"><span class='ocrx_word' id='word_1_645' title='bbox 1277 2799 1363 2870; x_wconf 82' lang='lat' dir='ltr'><strong>lingua</strong></span> <span class='ocrx_word' id='word_1_646' title='bbox 1375 2800 1432 2871; x_wconf 82' lang='lat' dir='ltr'><strong>ejas</strong></span> <span class='ocrx_word' id='word_1_647' title='bbox 1444 2803 1547 2857; x_wconf 87' lang='lat' dir='ltr'><strong>transiit</strong></span> <span class='ocrx_word' id='word_1_648' title='bbox 1556 2820 1636 2875; x_wconf 87' lang='lat' dir='ltr'><strong>super</strong></span> <span class='ocrx_word' id='word_1_649' title='bbox 1647 2815 1754 2860; x_wconf 89' lang='lat' dir='ltr'><strong>terram.</strong></span> 
     </span>
    </p>

    <p class='ocr_par' dir='ltr' id='par_1_7' title="bbox 1272 2893 2104 4245">
     <span class='ocr_line' id='line_1_85' title="bbox 1312 2893 2054 2971; baseline 0.007 -21"><span class='ocrx_word' id='word_1_650' title='bbox 1312 2895 1355 2951; x_wconf 81' lang='lat'><strong>16.</strong></span> <span class='ocrx_word' id='word_1_651' title='bbox 1376 2893 1450 2965; x_wconf 80' lang='lat' dir='ltr'><strong>[aera.</strong></span> <span class='ocrx_word' id='word_1_652' title='bbox 1469 2894 1598 2968; x_wconf 81' lang='lat' dir='ltr'><strong>fd.]fdea</strong></span> <span class='ocrx_word' id='word_1_653' title='bbox 1616 2907 1751 2952; x_wconf 81' lang='lat' dir='ltr'><strong>reuertatur</strong></span> <span class='ocrx_word' id='word_1_654' title='bbox 1773 2899 1822 2953; x_wconf 86' lang='lat' dir='ltr'><strong>irae</strong></span> <span class='ocrx_word' id='word_1_655' title='bbox 1842 2899 1950 2971; x_wconf 85' lang='lat' dir='ltr'><strong>papafaa</strong></span> <span class='ocrx_word' id='word_1_656' title='bbox 1976 2918 2054 2957; x_wconf 75' lang='lat' dir='ltr'><strong>auur.</strong></span> 
     </span>
     <span class='ocr_line' id='line_1_86' title="bbox 1275 2985 2055 3067; baseline 0.009 -25"><span class='ocrx_word' id='word_1_657' title='bbox 1275 2985 1333 3042; x_wconf 85' lang='lat' dir='ltr'><strong>Jam</strong></span> <span class='ocrx_word' id='word_1_658' title='bbox 1347 2989 1403 3057; x_wconf 84' lang='lat' dir='ltr'><strong>ipse</strong></span> <span class='ocrx_word' id='word_1_659' title='bbox 1415 2989 1501 3059; x_wconf 71' lang='lat' dir='ltr'><strong>dant</strong></span> <span class='ocrx_word' id='word_1_660' title='bbox 1511 2991 1650 3045; x_wconf 82' lang='lat' dir='ltr'><strong>reuertitur</strong></span> <span class='ocrx_word' id='word_1_661' title='bbox 1663 2990 1722 3046; x_wconf 89' lang='lat' dir='ltr'><strong>buc.</strong></span> <span class='ocrx_word' id='word_1_662' title='bbox 1740 2991 1810 3067; x_wconf 61' lang='lat' dir='ltr'><strong>fidit</strong></span> <span class='ocrx_word' id='word_1_663' title='bbox 1822 2992 1893 3047; x_wconf 89' lang='lat' dir='ltr'><strong>enirn</strong></span> <span class='ocrx_word' id='word_1_664' title='bbox 1909 2994 1958 3049; x_wconf 87' lang='lat' dir='ltr'><strong>ista</strong></span> <span class='ocrx_word' id='word_1_665' title='bbox 1971 2995 2055 3049; x_wconf 81' lang='lat' dir='ltr'><strong>sinm-</strong></span> 
     </span>
     <span class='ocr_line' id='line_1_87' title="bbox 1276 3076 2057 3153; baseline 0.009 -21"><span class='ocrx_word' id='word_1_666' title='bbox 1276 3076 1339 3132; x_wconf 89' lang='lat' dir='ltr'><strong>dare</strong></span> <span class='ocrx_word' id='word_1_667' title='bbox 1349 3077 1454 3149; x_wconf 88' lang='lat' dir='ltr'><strong>iniquis,</strong></span> <span class='ocrx_word' id='word_1_668' title='bbox 1462 3078 1674 3150; x_wconf 82' lang='lat' dir='ltr'><strong>riditsuperbis:</strong></span> <span class='ocrx_word' id='word_1_669' title='bbox 1688 3080 1757 3137; x_wconf 90' lang='lat' dir='ltr'><strong>redit</strong></span> <span class='ocrx_word' id='word_1_670' title='bbox 1768 3080 1800 3135; x_wconf 94' lang='lat' dir='ltr'><strong>ad</strong></span> <span class='ocrx_word' id='word_1_671' title='bbox 1815 3082 1909 3146; x_wconf 80' lang='lat' dir='ltr'><strong>bertar,</strong></span> <span class='ocrx_word' id='word_1_672' title='bbox 1924 3094 1951 3138; x_wconf 88' lang='lat' dir='ltr'><strong>et</strong></span> <span class='ocrx_word' id='word_1_673' title='bbox 1966 3083 2057 3153; x_wconf 85' lang='lat' dir='ltr'><strong>incipit</strong></span> 
     </span>
     <span class='ocr_line' id='line_1_88' title="bbox 1276 3168 2056 3245; baseline 0.012 -24"><span class='ocrx_word' id='word_1_674' title='bbox 1276 3181 1394 3238; x_wconf 70' lang='lat' dir='ltr'><strong>quaerere</strong></span> <span class='ocrx_word' id='word_1_675' title='bbox 1407 3176 1434 3224; x_wconf 92' lang='lat' dir='ltr'><strong>et</strong></span> <span class='ocrx_word' id='word_1_676' title='bbox 1447 3168 1590 3239; x_wconf 80' lang='lat' dir='ltr'><strong>dispumre.</strong></span> <span class='ocrx_word' id='word_1_677' title='bbox 1603 3170 1655 3227; x_wconf 88' lang='lat' dir='ltr'><strong>Sed</strong></span> <span class='ocrx_word' id='word_1_678' title='bbox 1668 3172 1791 3243; x_wconf 80' lang='lat' dir='ltr'><strong>quandof</strong></span> <span class='ocrx_word' id='word_1_679' title='bbox 1803 3172 1865 3228; x_wconf 86' lang='lat' dir='ltr'><strong>Garn</strong></span> <span class='ocrx_word' id='word_1_680' title='bbox 1874 3175 1927 3230; x_wconf 80' lang='lat' dir='ltr'><strong>dies</strong></span> <span class='ocrx_word' id='word_1_681' title='bbox 1938 3175 2005 3245; x_wconf 80' lang='lat' dir='ltr'><strong>plani</strong></span> <span class='ocrx_word' id='word_1_682' title='bbox 2014 3178 2056 3230; x_wconf 90' lang='lat' dir='ltr'><strong>in·</strong></span> 
     </span>
     <span class='ocr_line' id='line_1_89' title="bbox 1276 3260 2056 3333; baseline 0.009 -20"><span class='ocrx_word' id='word_1_683' title='bbox 1276 3260 1404 3313; x_wconf 86' lang='lat' dir='ltr'><strong>aeaiemar</strong></span> <span class='ocrx_word' id='word_1_684' title='bbox 1416 3261 1443 3313; x_wconf 91' lang='lat' dir='ltr'><strong>in</strong></span> <span class='ocrx_word' id='word_1_685' title='bbox 1456 3261 1500 3315; x_wconf 78' lang='lat' dir='ltr'><strong>eis.</strong></span> <span class='ocrx_word' id='word_1_686' title='bbox 1516 3260 1583 3329; x_wconf 89' lang='lat' dir='ltr'><strong>Quid</strong></span> <span class='ocrx_word' id='word_1_687' title='bbox 1599 3271 1659 3330; x_wconf 79' lang='lat' dir='ltr'><strong>est,</strong></span> <span class='ocrx_word' id='word_1_688' title='bbox 1673 3262 1726 3317; x_wconf 82' lang='lat' dir='ltr'><strong>dier</strong></span> <span class='ocrx_word' id='word_1_689' title='bbox 1744 3262 1833 3333; x_wconf 84' lang='lat' dir='ltr'><strong>pfeaff</strong></span> <span class='ocrx_word' id='word_1_690' title='bbox 1846 3263 1907 3318; x_wconf 84' lang='lat' dir='ltr'><strong>Cam</strong></span> <span class='ocrx_word' id='word_1_691' title='bbox 1920 3273 2003 3320; x_wconf 86' lang='lat' dir='ltr'><strong>antem</strong></span> <span class='ocrx_word' id='word_1_692' title='bbox 2015 3281 2056 3319; x_wconf 89' lang='lat' dir='ltr'><strong>ue·</strong></span> 
     </span>
     <span class='ocr_line' id='line_1_90' title="bbox 1275 3348 2053 3428; baseline 0.008 -25"><span class='ocrx_word' id='word_1_693' title='bbox 1275 3350 1312 3403; x_wconf 85' lang='lat' dir='ltr'><strong>m&#39;t</strong></span> <span class='ocrx_word' id='word_1_694' title='bbox 1321 3348 1449 3419; x_wconf 80' lang='lat' dir='ltr'><strong>plenitudo</strong></span> <span class='ocrx_word' id='word_1_695' title='bbox 1469 3353 1604 3422; x_wconf 82' lang='lat' dir='ltr'><strong>tearporr‘a,</strong></span> <span class='ocrx_word' id='word_1_696' title='bbox 1617 3352 1683 3407; x_wconf 77' lang='lat' dir='ltr'><strong>adsit</strong></span> <span class='ocrx_word' id='word_1_697' title='bbox 1701 3352 1770 3409; x_wconf 79' lang='lat' dir='ltr'><strong>Dens</strong></span> <span class='ocrx_word' id='word_1_698' title='bbox 1781 3352 1805 3407; x_wconf 82' lang='lat' dir='ltr'><em>F</em></span> <span class='ocrx_word' id='word_1_699' title='bbox 1805 3353 1875 3409; x_wconf 83' lang='lat' dir='ltr'><strong>itiam</strong></span> <span class='ocrx_word' id='word_1_700' title='bbox 1890 3372 1968 3410; x_wconf 77' lang='lat' dir='ltr'><strong>saara</strong></span> <span class='ocrx_word' id='word_1_701' title='bbox 1983 3355 2053 3428; x_wconf 85' lang='lat' dir='ltr'><strong>(Gai.</strong></span> 
     </span>
     <span class='ocr_line' id='line_1_91' title="bbox 1274 3438 2056 3516; baseline 0.008 -19"><span class='ocrx_word' id='word_1_702' title='bbox 1274 3456 1310 3507; x_wconf 84' lang='lat' dir='ltr'><strong>tu,</strong></span> <span class='ocrx_word' id='word_1_703' title='bbox 1324 3438 1364 3513; x_wconf 79' lang='lat' dir='ltr'><strong>i).</strong></span> <span class='ocrx_word' id='word_1_704' title='bbox 1380 3439 1437 3513; x_wconf 87' lang='lat' dir='ltr'><strong>fpsa</strong></span> <span class='ocrx_word' id='word_1_705' title='bbox 1451 3451 1493 3499; x_wconf 91' lang='lat' dir='ltr'><strong>est</strong></span> <span class='ocrx_word' id='word_1_706' title='bbox 1509 3442 1644 3514; x_wconf 77' lang='lat' dir='ltr'><strong>plenitudo</strong></span> <span class='ocrx_word' id='word_1_707' title='bbox 1658 3444 1800 3515; x_wconf 89' lang='lat' dir='ltr'><strong>temporis,</strong></span> <span class='ocrx_word' id='word_1_708' title='bbox 1812 3444 1918 3516; x_wconf 82' lang='lat' dir='ltr'><strong>quando</strong></span> <span class='ocrx_word' id='word_1_709' title='bbox 1932 3446 2056 3503; x_wconf 85' lang='lat' dir='ltr'><strong>renititis</strong></span> 
     </span>
     <span class='ocr_line' id='line_1_92' title="bbox 1275 3533 2053 3613; baseline 0.01 -25"><span class='ocrx_word' id='word_1_710' title='bbox 1275 3533 1428 3603; x_wconf 77' lang='lat' dir='ltr'><strong>temporalia</strong></span> <span class='ocrx_word' id='word_1_711' title='bbox 1448 3533 1544 3590; x_wconf 87' lang='lat' dir='ltr'><strong>docere</strong></span> <span class='ocrx_word' id='word_1_712' title='bbox 1567 3537 1719 3600; x_wconf 89' lang='lat' dir='ltr'><strong>contemni,</strong></span> <span class='ocrx_word' id='word_1_713' title='bbox 1740 3552 1792 3592; x_wconf 93' lang='lat' dir='ltr'><strong>non</strong></span> <span class='ocrx_word' id='word_1_714' title='bbox 1814 3537 1910 3596; x_wconf 85' lang='lat' dir='ltr'><strong>babere</strong></span> <span class='ocrx_word' id='word_1_715' title='bbox 1931 3540 2053 3613; x_wconf 80' lang='lat' dir='ltr'><strong>magnum</strong></span> 
     </span>
     <span class='ocr_line' id='line_1_93' title="bbox 1273 3609 2054 3704; baseline 0.012 -26"><span class='ocrx_word' id='word_1_716' title='bbox 1273 3609 1398 3697; x_wconf 82' lang='lat' dir='ltr'><strong>quidquid</strong></span> <span class='ocrx_word' id='word_1_717' title='bbox 1421 3627 1482 3681; x_wconf 85' lang='lat' dir='ltr'><strong>maii</strong></span> <span class='ocrx_word' id='word_1_718' title='bbox 1496 3625 1616 3683; x_wconf 87' lang='lat' dir='ltr'><strong>homines</strong></span> <span class='ocrx_word' id='word_1_719' title='bbox 1636 3626 1761 3700; x_wconf 87' lang='lat' dir='ltr'><strong>cupiunt;</strong></span> <span class='ocrx_word' id='word_1_720' title='bbox 1781 3631 1832 3702; x_wconf 88' lang='lat' dir='ltr'><strong>pati</strong></span> <span class='ocrx_word' id='word_1_721' title='bbox 1846 3630 1971 3704; x_wconf 81' lang='lat' dir='ltr'><strong>quidquid</strong></span> <span class='ocrx_word' id='word_1_722' title='bbox 1992 3634 2054 3689; x_wconf 89' lang='lat' dir='ltr'><strong>maii</strong></span> 
     </span>
     <span class='ocr_line' id='line_1_94' title="bbox 1274 3715 2054 3796; baseline 0.01 -25"><span class='ocrx_word' id='word_1_723' title='bbox 1274 3715 1395 3774; x_wconf 84' lang='lat' dir='ltr'><strong>homiues</strong></span> <span class='ocrx_word' id='word_1_724' title='bbox 1406 3726 1535 3775; x_wconf 84' lang='lat' dir='ltr'><strong>metuunt.</strong></span> <span class='ocrx_word' id='word_1_725' title='bbox 1557 3719 1653 3777; x_wconf 82' lang='lat' dir='ltr'><strong>Factus</strong></span> <span class='ocrx_word' id='word_1_726' title='bbox 1666 3732 1706 3776; x_wconf 90' lang='lat' dir='ltr'><strong>est</strong></span> <span class='ocrx_word' id='word_1_727' title='bbox 1718 3722 1776 3788; x_wconf 83' lang='lat' dir='ltr'><strong>aia,</strong></span> <span class='ocrx_word' id='word_1_728' title='bbox 1790 3725 1923 3779; x_wconf 81' lang='lat' dir='ltr'><strong>reuocauit</strong></span> <span class='ocrx_word' id='word_1_729' title='bbox 1934 3723 1968 3780; x_wconf 92' lang='lat' dir='ltr'><strong>ad</strong></span> <span class='ocrx_word' id='word_1_730' title='bbox 1981 3725 2054 3796; x_wconf 89' lang='lat' dir='ltr'><strong>cogi·</strong></span> 
     </span>
     <span class='ocr_line' id='line_1_95' title="bbox 1273 3809 2104 3883; baseline 0.007 -20"><span class='ocrx_word' id='word_1_731' title='bbox 1273 3809 1400 3864; x_wconf 91' lang='lat' dir='ltr'><strong>tationem</strong></span> <span class='ocrx_word' id='word_1_732' title='bbox 1412 3809 1529 3864; x_wconf 90' lang='lat' dir='ltr'><strong>intimam</strong></span> <span class='ocrx_word' id='word_1_733' title='bbox 1541 3850 1550 3875; x_wconf 97' lang='lat'><strong>,</strong></span> <span class='ocrx_word' id='word_1_734' title='bbox 1567 3810 1701 3867; x_wconf 89' lang='lat' dir='ltr'><strong>admonuit</strong></span> <span class='ocrx_word' id='word_1_735' title='bbox 1717 3811 1779 3881; x_wconf 86' lang='lat' dir='ltr'><strong>quid</strong></span> <span class='ocrx_word' id='word_1_736' title='bbox 1790 3827 1806 3866; x_wconf 92' lang='lat' dir='ltr'><strong>a</strong></span> <span class='ocrx_word' id='word_1_737' title='bbox 1818 3812 1873 3867; x_wconf 84' lang='lat' dir='ltr'><strong>Dea</strong></span> <span class='ocrx_word' id='word_1_738' title='bbox 1883 3814 2052 3883; x_wconf 70' lang='lat' dir='ltr'><strong>quaerendum</strong></span> <span class='ocrx_word' id='word_1_739' title='bbox 2099 3819 2104 3826; x_wconf 88' lang='lat'>&#39;</span> 
     </span>
     <span class='ocr_line' id='line_1_96' title="bbox 1273 3899 2052 3971; baseline 0.006 -18"><span class='ocrx_word' id='word_1_740' title='bbox 1273 3907 1353 3954; x_wconf 88' lang='lat' dir='ltr'><strong>esset.</strong></span> <span class='ocrx_word' id='word_1_741' title='bbox 1368 3899 1399 3952; x_wconf 83' lang='lat' dir='ltr'><strong>Et</strong></span> <span class='ocrx_word' id='word_1_742' title='bbox 1417 3899 1477 3953; x_wconf 85' lang='lat' dir='ltr'><strong>aide</strong></span> <span class='ocrx_word' id='word_1_743' title='bbox 1490 3899 1523 3954; x_wconf 90' lang='lat' dir='ltr'><strong>de</strong></span> <span class='ocrx_word' id='word_1_744' title='bbox 1542 3900 1764 3970; x_wconf 68' lang='lat' dir='ltr'><strong>«praecogitatione</strong></span> <span class='ocrx_word' id='word_1_745' title='bbox 1783 3903 1950 3958; x_wconf 70' lang='lat' dir='ltr'><strong>reverberata</strong></span> <span class='ocrx_word' id='word_1_746' title='bbox 1965 3904 1990 3957; x_wconf 93' lang='lat' dir='ltr'><strong>in</strong></span> <span class='ocrx_word' id='word_1_747' title='bbox 2003 3919 2052 3971; x_wconf 87' lang='lat' dir='ltr'><strong>se,</strong></span> 
     </span>
     <span class='ocr_line' id='line_1_97' title="bbox 1273 3987 2052 4062; baseline 0.005 -18"><span class='ocrx_word' id='word_1_748' title='bbox 1273 3999 1300 4044; x_wconf 89' lang='lat' dir='ltr'><strong>ct</strong></span> <span class='ocrx_word' id='word_1_749' title='bbox 1313 3987 1507 4059; x_wconf 88' lang='lat' dir='ltr'><strong>quodammodo</strong></span> <span class='ocrx_word' id='word_1_750' title='bbox 1519 4000 1658 4045; x_wconf 82' lang='lat' dir='ltr'><strong>reuocante</strong></span> <span class='ocrx_word' id='word_1_751' title='bbox 1671 3991 1765 4047; x_wconf 87' lang='lat' dir='ltr'><strong>fluctus</strong></span> <span class='ocrx_word' id='word_1_752' title='bbox 1778 3992 1891 4062; x_wconf 86' lang='lat' dir='ltr'><strong>impetus</strong></span> <span class='ocrx_word' id='word_1_753' title='bbox 1903 3993 1954 4060; x_wconf 84' lang='lat' dir='ltr'><strong>sui,</strong></span> <span class='ocrx_word' id='word_1_754' title='bbox 1966 4005 2052 4049; x_wconf 83' lang='lat' dir='ltr'><strong>trans-</strong></span> 
     </span>
     <span class='ocr_line' id='line_1_98' title="bbox 1273 4078 2052 4155; baseline 0.012 -22"><span class='ocrx_word' id='word_1_755' title='bbox 1273 4080 1325 4134; x_wconf 87' lang='lat' dir='ltr'><strong>itur</strong></span> <span class='ocrx_word' id='word_1_756' title='bbox 1343 4078 1376 4134; x_wconf 86' lang='lat' dir='ltr'><strong>ad</strong></span> <span class='ocrx_word' id='word_1_757' title='bbox 1397 4094 1459 4134; x_wconf 83' lang='lat' dir='ltr'><strong>reru</strong></span> <span class='ocrx_word' id='word_1_758' title='bbox 1477 4080 1609 4150; x_wconf 79' lang='lat' dir='ltr'><strong>eligenda.</strong></span> <span class='ocrx_word' id='word_1_759' title='bbox 1625 4079 1687 4136; x_wconf 87' lang='lat' dir='ltr'><strong>fdeo</strong></span> <span class='ocrx_word' id='word_1_760' title='bbox 1712 4093 1844 4138; x_wconf 82' lang='lat' dir='ltr'><strong>reuertatur</strong></span> <span class='ocrx_word' id='word_1_761' title='bbox 1862 4086 1970 4155; x_wconf 77' lang='lat' dir='ltr'><strong>popalus</strong></span> <span class='ocrx_word' id='word_1_762' title='bbox 1984 4080 2052 4142; x_wconf 81' lang='lat' dir='ltr'><strong>meaa</strong></span> 
     </span>
     <span class='ocr_line' id='line_1_99' title="bbox 1272 4173 1779 4245; baseline 0.008 -18"><span class='ocrx_word' id='word_1_763' title='bbox 1272 4173 1341 4238; x_wconf 84' lang='lat' dir='ltr'><strong>ftac,·</strong></span> <span class='ocrx_word' id='word_1_764' title='bbox 1354 4181 1379 4228; x_wconf 89' lang='grc' dir='ltr'><strong>ει</strong></span> <span class='ocrx_word' id='word_1_765' title='bbox 1393 4173 1446 4228; x_wconf 82' lang='lat' dir='ltr'><strong>dier</strong></span> <span class='ocrx_word' id='word_1_766' title='bbox 1455 4175 1522 4245; x_wconf 83' lang='lat' dir='ltr'><strong>pieni</strong></span> <span class='ocrx_word' id='word_1_767' title='bbox 1535 4176 1687 4231; x_wconf 82' lang='lat' dir='ltr'><strong>irtueaientar</strong></span> <span class='ocrx_word' id='word_1_768' title='bbox 1699 4178 1724 4232; x_wconf 92' lang='lat' dir='ltr'><strong>in</strong></span> <span class='ocrx_word' id='word_1_769' title='bbox 1734 4179 1779 4234; x_wconf 83' lang='lat' dir='ltr'><strong>cia.</strong></span> 
     </span>
    </p>

    <p class='ocr_par' dir='ltr' id='par_1_8' title="bbox 1270 4264 2051 4861">
     <span class='ocr_line' id='line_1_100' title="bbox 1309 4264 2050 4340; baseline 0.016 -22"><span class='ocrx_word' id='word_1_770' title='bbox 1309 4265 1352 4319; x_wconf 80' lang='lat' dir='ltr'><strong>fi.</strong></span> <span class='ocrx_word' id='word_1_771' title='bbox 1377 4264 1451 4337; x_wconf 84' lang='lat' dir='ltr'><strong>[uera.</strong></span> <span class='ocrx_word' id='word_1_772' title='bbox 1465 4264 1521 4340; x_wconf 70' lang='lat' dir='ltr'><strong>ib]</strong></span> <span class='ocrx_word' id='word_1_773' title='bbox 1538 4267 1575 4322; x_wconf 82' lang='lat' dir='ltr'><strong>Et</strong></span> <span class='ocrx_word' id='word_1_774' title='bbox 1589 4267 1705 4323; x_wconf 73' lang='lat' dir='ltr'><strong>dixeram</strong></span> <span class='ocrx_word' id='word_1_775' title='bbox 1721 4270 1871 4336; x_wconf 87' lang='lat' dir='ltr'><strong>:Quomodo</strong></span> <span class='ocrx_word' id='word_1_776' title='bbox 1883 4273 1953 4329; x_wconf 85' lang='lat' dir='ltr'><strong>aciar&#39;t</strong></span> <span class='ocrx_word' id='word_1_777' title='bbox 1966 4273 2050 4339; x_wconf 80' lang='lat' dir='ltr'><strong>berra,</strong></span> 
     </span>
     <span class='ocr_line' id='line_1_101' title="bbox 1272 4355 2051 4434; baseline 0.009 -25"><span class='ocrx_word' id='word_1_778' title='bbox 1272 4365 1295 4409; x_wconf 87' lang='lat' dir='ltr'><strong>et</strong></span> <span class='ocrx_word' id='word_1_779' title='bbox 1316 4355 1338 4410; x_wconf 81' lang='lat' dir='ltr'><strong>si</strong></span> <span class='ocrx_word' id='word_1_780' title='bbox 1351 4365 1386 4410; x_wconf 80' lang='lat' dir='ltr'><strong>est</strong></span> <span class='ocrx_word' id='word_1_781' title='bbox 1396 4357 1498 4410; x_wconf 73' lang='lat' dir='ltr'><strong>minutia</strong></span> <span class='ocrx_word' id='word_1_782' title='bbox 1510 4358 1537 4411; x_wconf 92' lang='lat' dir='ltr'><strong>in</strong></span> <span class='ocrx_word' id='word_1_783' title='bbox 1551 4359 1696 4414; x_wconf 78' lang='lat' dir='ltr'><strong>ditissimo?</strong></span> <span class='ocrx_word' id='word_1_784' title='bbox 1710 4358 1775 4415; x_wconf 84' lang='lat' dir='ltr'><strong>Vide</strong></span> <span class='ocrx_word' id='word_1_785' title='bbox 1796 4377 1933 4433; x_wconf 88' lang='lat' dir='ltr'><strong>perquam</strong></span> <span class='ocrx_word' id='word_1_786' title='bbox 1952 4365 2051 4434; x_wconf 87' lang='lat' dir='ltr'><strong>cogitn-</strong></span> 
     </span>
     <span class='ocr_line' id='line_1_102' title="bbox 1272 4445 2050 4519; baseline 0.014 -22"><span class='ocrx_word' id='word_1_787' title='bbox 1272 4445 1370 4500; x_wconf 89' lang='lat' dir='ltr'><strong>tionem</strong></span> <span class='ocrx_word' id='word_1_788' title='bbox 1385 4455 1529 4501; x_wconf 87' lang='lat' dir='ltr'><strong>transeunt.</strong></span> <span class='ocrx_word' id='word_1_789' title='bbox 1545 4447 1702 4519; x_wconf 81' lang='lat' dir='ltr'><strong>Eceeiniqui</strong></span> <span class='ocrx_word' id='word_1_790' title='bbox 1725 4449 1813 4507; x_wconf 86' lang='lat' dir='ltr'><strong>felices</strong></span> <span class='ocrx_word' id='word_1_791' title='bbox 1827 4462 1897 4518; x_wconf 87' lang='lat' dir='ltr'><strong>suut,</strong></span> <span class='ocrx_word' id='word_1_792' title='bbox 1911 4470 1962 4508; x_wconf 90' lang='lat' dir='ltr'><strong>unu</strong></span> <span class='ocrx_word' id='word_1_793' title='bbox 1977 4467 2050 4509; x_wconf 82' lang='lat' dir='ltr'><strong>curm</strong></span> 
     </span>
     <span class='ocr_line' id='line_1_103' title="bbox 1272 4535 2050 4613; baseline 0.013 -23"><span class='ocrx_word' id='word_1_794' title='bbox 1272 4535 1342 4591; x_wconf 79' lang='lat' dir='ltr'><strong>fieus</strong></span> <span class='ocrx_word' id='word_1_795' title='bbox 1366 4552 1410 4592; x_wconf 88' lang='lat' dir='ltr'><strong>res</strong></span> <span class='ocrx_word' id='word_1_796' title='bbox 1430 4537 1567 4592; x_wconf 86' lang='lat' dir='ltr'><strong>humanas.</strong></span> <span class='ocrx_word' id='word_1_797' title='bbox 1586 4538 1651 4595; x_wconf 82' lang='lat' dir='ltr'><strong>Vere</strong></span> <span class='ocrx_word' id='word_1_798' title='bbox 1674 4540 1724 4596; x_wconf 87' lang='lat' dir='ltr'><strong>scit</strong></span> <span class='ocrx_word' id='word_1_799' title='bbox 1742 4541 1803 4612; x_wconf 90' lang='lat' dir='ltr'><strong>quid</strong></span> <span class='ocrx_word' id='word_1_800' title='bbox 1820 4545 1944 4613; x_wconf 78' lang='lat' dir='ltr'><strong>agamus?</strong></span> <span class='ocrx_word' id='word_1_801' title='bbox 1958 4544 2050 4600; x_wconf 82' lang='lat' dir='ltr'><strong>Videte</strong></span> 
     </span>
     <span class='ocr_line' id='line_1_104' title="bbox 1271 4627 2048 4700; baseline 0.01 -19"><span class='ocrx_word' id='word_1_802' title='bbox 1271 4643 1330 4696; x_wconf 80' lang='lat' dir='ltr'><strong>dum</strong></span> <span class='ocrx_word' id='word_1_803' title='bbox 1343 4627 1474 4682; x_wconf 86' lang='lat' dir='ltr'><strong>dicmnnr.</strong></span> <span class='ocrx_word' id='word_1_804' title='bbox 1490 4628 1640 4699; x_wconf 84' lang='lat' dir='ltr'><strong>fingamus,</strong></span> <span class='ocrx_word' id='word_1_805' title='bbox 1655 4629 1766 4698; x_wconf 84' lang='lat' dir='ltr'><strong>fratres;</strong></span> <span class='ocrx_word' id='word_1_806' title='bbox 1776 4632 1829 4700; x_wconf 83' lang='lat' dir='ltr'><strong>jam</strong></span> <span class='ocrx_word' id='word_1_807' title='bbox 1844 4634 1983 4689; x_wconf 84' lang='lat' dir='ltr'><strong>Christiani</strong></span> <span class='ocrx_word' id='word_1_808' title='bbox 1997 4651 2048 4689; x_wconf 90' lang='lat' dir='ltr'><strong>nnn</strong></span> 
     </span>
     <span class='ocr_line' id='line_1_105' title="bbox 1270 4715 2050 4788; baseline 0.013 -18"><span class='ocrx_word' id='word_1_809' title='bbox 1270 4715 1359 4771; x_wconf 88' lang='lat' dir='ltr'><strong>dicant</strong></span> <span class='ocrx_word' id='word_1_810' title='bbox 1373 4735 1380 4770; x_wconf 91' lang='lat'><strong>:</strong></span> <span class='ocrx_word' id='word_1_811' title='bbox 1397 4716 1526 4784; x_wconf 86' lang='lat' dir='ltr'><strong>Quomodo</strong></span> <span class='ocrx_word' id='word_1_812' title='bbox 1544 4718 1614 4772; x_wconf 79' lang='lat' dir='ltr'><strong>sciuit</strong></span> <span class='ocrx_word' id='word_1_813' title='bbox 1628 4717 1710 4788; x_wconf 81' lang='lat' dir='ltr'><strong>Deua,</strong></span> <span class='ocrx_word' id='word_1_814' title='bbox 1729 4729 1752 4775; x_wconf 83' lang='lat' dir='ltr'><strong>et</strong></span> <span class='ocrx_word' id='word_1_815' title='bbox 1771 4722 1840 4777; x_wconf 78' lang='lat' dir='ltr'><strong>riost</strong></span> <span class='ocrx_word' id='word_1_816' title='bbox 1853 4724 1956 4778; x_wconf 77' lang='lat' dir='ltr'><strong>scientia</strong></span> <span class='ocrx_word' id='word_1_817' title='bbox 1967 4724 1993 4778; x_wconf 92' lang='lat' dir='ltr'><strong>in</strong></span> <span class='ocrx_word' id='word_1_818' title='bbox 2006 4726 2050 4780; x_wconf 83' lang='lat' dir='ltr'><strong>df-</strong></span> 
     </span>
     <span class='ocr_line' id='line_1_106' title="bbox 1271 4808 1375 4861; baseline -0.01 0"><span class='ocrx_word' id='word_1_819' title='bbox 1271 4808 1375 4861; x_wconf 71' lang='lat' dir='ltr'><strong>fissione.</strong></span> 
     </span>
    </p>

    <p class='ocr_par' dir='ltr' id='par_1_9' title="bbox 1268 4899 2094 6070">
     <span class='ocr_line' id='line_1_107' title="bbox 1307 4899 2094 4981; baseline 0.01 -27"><span class='ocrx_word' id='word_1_820' title='bbox 1307 4900 1350 4955; x_wconf 79' lang='lat' dir='ltr'><strong>ts.</strong></span> <span class='ocrx_word' id='word_1_821' title='bbox 1378 4899 1451 4972; x_wconf 86' lang='lat' dir='ltr'><strong>[uera.</strong></span> <span class='ocrx_word' id='word_1_822' title='bbox 1467 4899 1523 4975; x_wconf 74' lang='lat'><strong>¹2]</strong></span> <span class='ocrx_word' id='word_1_823' title='bbox 1548 4900 1625 4958; x_wconf 84' lang='lat' dir='ltr'><strong>Unde</strong></span> <span class='ocrx_word' id='word_1_824' title='bbox 1637 4903 1707 4958; x_wconf 87' lang='lat' dir='ltr'><strong>enim</strong></span> <span class='ocrx_word' id='word_1_825' title='bbox 1734 4903 1898 4965; x_wconf 83' lang='lat' dir='ltr'><strong>tibivideiur</strong></span> <span class='ocrx_word' id='word_1_826' title='bbox 1916 4907 2050 4963; x_wconf 82' lang='lat' dir='ltr'><strong>conscire</strong></span> <span class='ocrx_word' id='word_1_827' title='bbox 2090 4968 2094 4981; x_wconf 33' lang='lat'><strong><em>¹</em></strong></span> 
     </span>
     <span class='ocr_line' id='line_1_108' title="bbox 1271 4989 2049 5067; baseline 0.009 -23"><span class='ocrx_word' id='word_1_828' title='bbox 1271 4989 1364 5051; x_wconf 85' lang='lat' dir='ltr'><strong>Denrn,</strong></span> <span class='ocrx_word' id='word_1_829' title='bbox 1381 5001 1407 5044; x_wconf 90' lang='lat' dir='ltr'><strong>et</strong></span> <span class='ocrx_word' id='word_1_830' title='bbox 1419 5007 1470 5046; x_wconf 92' lang='lat' dir='ltr'><strong>noa</strong></span> <span class='ocrx_word' id='word_1_831' title='bbox 1491 5007 1550 5048; x_wconf 89' lang='lat' dir='ltr'><strong>esse</strong></span> <span class='ocrx_word' id='word_1_832' title='bbox 1564 4992 1699 5048; x_wconf 82' lang='lat' dir='ltr'><strong>seientiam</strong></span> <span class='ocrx_word' id='word_1_833' title='bbox 1718 4994 1743 5048; x_wconf 91' lang='lat' dir='ltr'><strong>in</strong></span> <span class='ocrx_word' id='word_1_834' title='bbox 1757 4995 1915 5051; x_wconf 73' lang='lat' dir='ltr'><strong>ditissimo?</strong></span> <span class='ocrx_word' id='word_1_835' title='bbox 1928 4996 2049 5067; x_wconf 84' lang='lat' dir='ltr'><strong>Respon-</strong></span> 
     </span>
     <span class='ocr_line' id='line_1_109' title="bbox 1270 5082 2061 5154; baseline 0.005 -16"><span class='ocrx_word' id='word_1_836' title='bbox 1270 5082 1316 5138; x_wconf 85' lang='lat' dir='ltr'><strong>det</strong></span> <span class='ocrx_word' id='word_1_837' title='bbox 1330 5102 1336 5137; x_wconf 93' lang='lat'>:</span> <span class='ocrx_word' id='word_1_838' title='bbox 1353 5083 1415 5139; x_wconf 81' lang='lat' dir='ltr'><strong>Ecce</strong></span> <span class='ocrx_word' id='word_1_839' title='bbox 1427 5085 1476 5154; x_wconf 78' lang='lat' dir='ltr'><strong>imi</strong></span> <span class='ocrx_word' id='word_1_840' title='bbox 1494 5095 1651 5154; x_wconf 80' lang='lat' dir='ltr'><strong>peccatores,</strong></span> <span class='ocrx_word' id='word_1_841' title='bbox 1666 5094 1688 5139; x_wconf 84' lang='lat' dir='ltr'><strong>et</strong></span> <span class='ocrx_word' id='word_1_842' title='bbox 1700 5085 1851 5141; x_wconf 81' lang='lat' dir='ltr'><strong>abundantes</strong></span> <span class='ocrx_word' id='word_1_843' title='bbox 1863 5087 1889 5141; x_wconf 86' lang='lat' dir='ltr'><strong>in</strong></span> <span class='ocrx_word' id='word_1_844' title='bbox 1901 5086 1992 5142; x_wconf 80' lang='lat' dir='ltr'><strong>recula</strong></span> <span class='ocrx_word' id='word_1_845' title='bbox 2003 5084 2061 5142; x_wconf 58' lang='lat' dir='ltr'><strong>ot:</strong></span> 
     </span>
     <span class='ocr_line' id='line_1_110' title="bbox 1271 5175 2049 5245; baseline 0.008 -16"><span class='ocrx_word' id='word_1_846' title='bbox 1271 5175 1514 5230; x_wconf 84' lang='lat' dir='ltr'><strong>tiaaernntdiuitr&#39;ar.</strong></span> <span class='ocrx_word' id='word_1_847' title='bbox 1529 5175 1563 5230; x_wconf 84' lang='lat' dir='ltr'><strong>Et</strong></span> <span class='ocrx_word' id='word_1_848' title='bbox 1584 5185 1732 5245; x_wconf 78' lang='lat' dir='ltr'><strong>peccatores</strong></span> <span class='ocrx_word' id='word_1_849' title='bbox 1749 5185 1824 5240; x_wconf 89' lang='lat' dir='ltr'><strong>sunt,</strong></span> <span class='ocrx_word' id='word_1_850' title='bbox 1839 5184 1867 5232; x_wconf 93' lang='lat' dir='ltr'><strong>et</strong></span> <span class='ocrx_word' id='word_1_851' title='bbox 1887 5177 2049 5234; x_wconf 84' lang='lat' dir='ltr'><strong>abundantes</strong></span> 
     </span>
     <span class='ocr_line' id='line_1_111' title="bbox 1270 5263 2047 5347; baseline 0.005 -26"><span class='ocrx_word' id='word_1_852' title='bbox 1270 5266 1374 5321; x_wconf 70' lang='lat' dir='ltr'><strong>divitias</strong></span> <span class='ocrx_word' id='word_1_853' title='bbox 1392 5267 1418 5322; x_wconf 93' lang='lat' dir='ltr'><strong>in</strong></span> <span class='ocrx_word' id='word_1_854' title='bbox 1442 5267 1539 5321; x_wconf 87' lang='lat' dir='ltr'><strong>saeculo</strong></span> <span class='ocrx_word' id='word_1_855' title='bbox 1559 5263 1736 5337; x_wconf 77' lang='lat' dir='ltr'><strong>obtinuerunt.</strong></span> <span class='ocrx_word' id='word_1_856' title='bbox 1759 5267 1898 5347; x_wconf 80' lang='lat' dir='ltr'><strong>Confessus</strong></span> <span class='ocrx_word' id='word_1_857' title='bbox 1921 5280 1963 5327; x_wconf 88' lang='lat' dir='ltr'><strong>est</strong></span> <span class='ocrx_word' id='word_1_858' title='bbox 1987 5272 2047 5341; x_wconf 80' lang='lat' dir='ltr'><strong>guia</strong></span> 
     </span>
     <span class='ocr_line' id='line_1_112' title="bbox 1269 5357 2048 5428; baseline 0.003 -14"><span class='ocrx_word' id='word_1_859' title='bbox 1269 5357 1330 5414; x_wconf 90' lang='lat' dir='ltr'><strong>ideo</strong></span> <span class='ocrx_word' id='word_1_860' title='bbox 1344 5358 1450 5413; x_wconf 83' lang='lat' dir='ltr'><strong>nolebat</strong></span> <span class='ocrx_word' id='word_1_861' title='bbox 1466 5373 1527 5414; x_wconf 86' lang='lat' dir='ltr'><strong>esse</strong></span> <span class='ocrx_word' id='word_1_862' title='bbox 1546 5367 1678 5428; x_wconf 83' lang='lat' dir='ltr'><strong>peccator,</strong></span> <span class='ocrx_word' id='word_1_863' title='bbox 1690 5366 1719 5413; x_wconf 90' lang='lat' dir='ltr'><strong>ut</strong></span> <span class='ocrx_word' id='word_1_864' title='bbox 1731 5359 1838 5416; x_wconf 80' lang='lat' dir='ltr'><strong>iuberet</strong></span> <span class='ocrx_word' id='word_1_865' title='bbox 1857 5360 1970 5417; x_wconf 80' lang='lat' dir='ltr'><strong>diuitias.</strong></span> <span class='ocrx_word' id='word_1_866' title='bbox 1984 5360 2048 5417; x_wconf 83' lang='lat' dir='ltr'><strong>Car-</strong></span> 
     </span>
     <span class='ocr_line' id='line_1_113' title="bbox 1270 5448 2048 5507; baseline 0.005 -5"><span class='ocrx_word' id='word_1_867' title='bbox 1270 5449 1338 5503; x_wconf 89' lang='lat' dir='ltr'><strong>nalis</strong></span> <span class='ocrx_word' id='word_1_868' title='bbox 1361 5449 1447 5503; x_wconf 91' lang='lat' dir='ltr'><strong>anima</strong></span> <span class='ocrx_word' id='word_1_869' title='bbox 1461 5448 1605 5502; x_wconf 75' lang='lat' dir='ltr'><strong>visibilibus</strong></span> <span class='ocrx_word' id='word_1_870' title='bbox 1624 5448 1703 5506; x_wconf 91' lang='lat' dir='ltr'><strong>rebus</strong></span> <span class='ocrx_word' id='word_1_871' title='bbox 1715 5461 1742 5505; x_wconf 88' lang='lat' dir='ltr'><strong>et</strong></span> <span class='ocrx_word' id='word_1_872' title='bbox 1765 5450 1875 5507; x_wconf 89' lang='lat' dir='ltr'><strong>terrenis</strong></span> <span class='ocrx_word' id='word_1_873' title='bbox 1895 5450 2048 5507; x_wconf 84' lang='lat' dir='ltr'><strong>vendiderat</strong></span> 
     </span>
     <span class='ocr_line' id='line_1_114' title="bbox 1268 5538 2046 5613; baseline 0.005 -21"><span class='ocrx_word' id='word_1_874' title='bbox 1268 5539 1395 5608; x_wconf 80' lang='lat' dir='ltr'><strong>justitiam</strong></span> <span class='ocrx_word' id='word_1_875' title='bbox 1417 5554 1502 5594; x_wconf 88' lang='lat' dir='ltr'><strong>snam.</strong></span> <span class='ocrx_word' id='word_1_876' title='bbox 1524 5538 1614 5606; x_wconf 87' lang='lat' dir='ltr'><strong>Qualis</strong></span> <span class='ocrx_word' id='word_1_877' title='bbox 1623 5539 1722 5609; x_wconf 86' lang='lat' dir='ltr'><strong>justitia</strong></span> <span class='ocrx_word' id='word_1_878' title='bbox 1734 5583 1742 5607; x_wconf 96' lang='lat'><strong>,</strong></span> <span class='ocrx_word' id='word_1_879' title='bbox 1756 5558 1814 5611; x_wconf 78' lang='lat' dir='ltr'><strong>qna</strong></span> <span class='ocrx_word' id='word_1_880' title='bbox 1832 5554 1939 5613; x_wconf 91' lang='lat' dir='ltr'><strong>propter</strong></span> <span class='ocrx_word' id='word_1_881' title='bbox 1954 5558 2046 5597; x_wconf 83' lang='lat' dir='ltr'><strong>aunam</strong></span> 
     </span>
     <span class='ocr_line' id='line_1_115' title="bbox 1270 5630 2045 5703; baseline 0.001 -19"><span class='ocrx_word' id='word_1_882' title='bbox 1270 5630 1398 5697; x_wconf 61' lang='lat' dir='ltr'><strong>bonerum</strong></span> <span class='ocrx_word' id='word_1_883' title='bbox 1412 5630 1485 5700; x_wconf 82' lang='lat' dir='ltr'><strong>quasi</strong></span> <span class='ocrx_word' id='word_1_884' title='bbox 1499 5632 1638 5699; x_wconf 91' lang='lat' dir='ltr'><strong>pretiosius</strong></span> <span class='ocrx_word' id='word_1_885' title='bbox 1659 5631 1799 5686; x_wconf 79' lang='lat' dir='ltr'><strong>sitantum</strong></span> <span class='ocrx_word' id='word_1_886' title='bbox 1813 5649 1889 5703; x_wconf 82' lang='lat' dir='ltr'><strong>quam</strong></span> <span class='ocrx_word' id='word_1_887' title='bbox 1905 5633 1958 5701; x_wconf 84' lang='lat' dir='ltr'><strong>ipsa</strong></span> <span class='ocrx_word' id='word_1_888' title='bbox 1968 5631 2045 5700; x_wconf 83' lang='lat' dir='ltr'><strong>justi-</strong></span> 
     </span>
     <span class='ocr_line' id='line_1_116' title="bbox 1272 5720 2045 5793; baseline 0.003 -19"><span class='ocrx_word' id='word_1_889' title='bbox 1272 5722 1316 5787; x_wconf 89' lang='lat' dir='ltr'><strong>tia,</strong></span> <span class='ocrx_word' id='word_1_890' title='bbox 1330 5731 1374 5776; x_wconf 92' lang='lat' dir='ltr'><strong>aut</strong></span> <span class='ocrx_word' id='word_1_891' title='bbox 1387 5736 1447 5775; x_wconf 93' lang='lat' dir='ltr'><strong>eum</strong></span> <span class='ocrx_word' id='word_1_892' title='bbox 1465 5722 1600 5791; x_wconf 84' lang='lat' dir='ltr'><strong>qnisquam</strong></span> <span class='ocrx_word' id='word_1_893' title='bbox 1615 5733 1692 5793; x_wconf 86' lang='lat' dir='ltr'><strong>negat</strong></span> <span class='ocrx_word' id='word_1_894' title='bbox 1717 5738 1760 5778; x_wconf 88' lang='lat' dir='ltr'><strong>res</strong></span> <span class='ocrx_word' id='word_1_895' title='bbox 1772 5727 1880 5786; x_wconf 76' lang='lat' dir='ltr'><strong>alienas,</strong></span> <span class='ocrx_word' id='word_1_896' title='bbox 1894 5737 1976 5789; x_wconf 74' lang='lat' dir='ltr'><strong>magns</strong></span> <span class='ocrx_word' id='word_1_897' title='bbox 1998 5720 2045 5777; x_wconf 87' lang='lat' dir='ltr'><strong>da-</strong></span> 
     </span>
     <span class='ocr_line' id='line_1_117' title="bbox 1269 5811 2046 5884; baseline 0.001 -17"><span class='ocrx_word' id='word_1_898' title='bbox 1269 5829 1359 5876; x_wconf 82' lang='lat' dir='ltr'><strong>narrum</strong></span> <span class='ocrx_word' id='word_1_899' title='bbox 1368 5813 1483 5883; x_wconf 90' lang='lat' dir='ltr'><strong>patiatur</strong></span> <span class='ocrx_word' id='word_1_900' title='bbox 1493 5812 1535 5866; x_wconf 93' lang='lat' dir='ltr'><strong>cui</strong></span> <span class='ocrx_word' id='word_1_901' title='bbox 1548 5821 1636 5883; x_wconf 87' lang='lat' dir='ltr'><strong>negat,</strong></span> <span class='ocrx_word' id='word_1_902' title='bbox 1645 5829 1723 5883; x_wconf 84' lang='lat' dir='ltr'><strong>qaam</strong></span> <span class='ocrx_word' id='word_1_903' title='bbox 1732 5813 1776 5869; x_wconf 88' lang='lat' dir='ltr'><strong>iiic</strong></span> <span class='ocrx_word' id='word_1_904' title='bbox 1787 5815 1830 5884; x_wconf 82' lang='lat' dir='ltr'><strong>qui</strong></span> <span class='ocrx_word' id='word_1_905' title='bbox 1845 5814 1880 5868; x_wconf 89' lang='lat' dir='ltr'><strong>iiii</strong></span> <span class='ocrx_word' id='word_1_906' title='bbox 1895 5815 1987 5882; x_wconf 86' lang='lat' dir='ltr'><strong>negati</strong></span> <span class='ocrx_word' id='word_1_907' title='bbox 2000 5811 2046 5868; x_wconf 88' lang='lat' dir='ltr'><strong>iiie</strong></span> 
     </span>
     <span class='ocr_line' id='line_1_118' title="bbox 1269 5903 2047 5976; baseline 0.003 -18"><span class='ocrx_word' id='word_1_908' title='bbox 1269 5903 1354 5976; x_wconf 89' lang='lat' dir='ltr'><strong>perdit</strong></span> <span class='ocrx_word' id='word_1_909' title='bbox 1374 5915 1492 5968; x_wconf 82' lang='lat' dir='ltr'><strong>restem,</strong></span> <span class='ocrx_word' id='word_1_910' title='bbox 1508 5904 1557 5960; x_wconf 89' lang='lat' dir='ltr'><strong>iste</strong></span> <span class='ocrx_word' id='word_1_911' title='bbox 1581 5904 1669 5959; x_wconf 85' lang='lat' dir='ltr'><strong>iidem.</strong></span> <span class='ocrx_word' id='word_1_912' title='bbox 1693 5903 1759 5958; x_wconf 80' lang='lat' dir='ltr'><strong>Ecce</strong></span> <span class='ocrx_word' id='word_1_913' title='bbox 1779 5904 1829 5973; x_wconf 75' lang='lat' dir='ltr'><strong>ipsi</strong></span> <span class='ocrx_word' id='word_1_914' title='bbox 1852 5914 2007 5972; x_wconf 83' lang='lat' dir='ltr'><strong>peccatores,</strong></span> <span class='ocrx_word' id='word_1_915' title='bbox 2022 5917 2047 5960; x_wconf 86' lang='lat' dir='ltr'><strong>et</strong></span> 
     </span>
     <span class='ocr_line' id='line_1_119' title="bbox 1268 5992 2046 6070; baseline 0.003 -20"><span class='ocrx_word' id='word_1_916' title='bbox 1268 5994 1421 6050; x_wconf 79' lang='lat' dir='ltr'><strong>airrndanter</strong></span> <span class='ocrx_word' id='word_1_917' title='bbox 1434 5995 1460 6048; x_wconf 89' lang='lat' dir='ltr'><strong>ia</strong></span> <span class='ocrx_word' id='word_1_918' title='bbox 1478 5995 1570 6051; x_wconf 76' lang='lat' dir='ltr'><strong>cecato</strong></span> <span class='ocrx_word' id='word_1_919' title='bbox 1589 5995 1746 6050; x_wconf 79' lang='lat' dir='ltr'><strong>obtinueram</strong></span> <span class='ocrx_word' id='word_1_920' title='bbox 1766 5993 1874 6049; x_wconf 79' lang='lat' dir='ltr'><strong>diuitiae.</strong></span> <span class='ocrx_word' id='word_1_921' title='bbox 1900 5992 1962 6053; x_wconf 86' lang='lat' dir='ltr'><strong>inde</strong></span> <span class='ocrx_word' id='word_1_922' title='bbox 1983 6013 2046 6070; x_wconf 89' lang='lat' dir='ltr'><strong>ergo</strong></span> 
     </span>
    </p>
   </div>
   <div class='ocr_carea' id='block_1_6' title="bbox 1299 6103 1506 6174">
    <p class='ocr_par' dir='ltr' id='par_1_10' title="bbox 1299 6103 1506 6174">
     <span class='ocr_line' id='line_1_120' title="bbox 1299 6103 1506 6174; baseline 0.019 -18"><span class='ocrx_word' id='word_1_923' title='bbox 1299 6111 1306 6141; x_wconf 86' lang='lat'><strong>¹</strong></span> <span class='ocrx_word' id='word_1_924' title='bbox 1318 6103 1383 6172; x_wconf 79' lang='lat' dir='ltr'><strong>tiss,</strong></span> <span class='ocrx_word' id='word_1_925' title='bbox 1396 6106 1506 6174; x_wconf 79' lang='lat' dir='ltr'><strong>ratperta</strong></span> 
     </span>
    </p>
   </div>
   <div class='ocr_carea' id='block_1_7' title="bbox 0 0 2518 6923">
    <p class='ocr_par' dir='ltr' id='par_1_11' title="bbox 0 0 2518 6923">
     <span class='ocr_line' id='line_1_121' title="bbox 0 0 2518 6923; baseline 0 0"><span class='ocrx_word' id='word_1_926' title='bbox 0 0 2518 6923; x_wconf 95' lang='lat' dir='ltr'><strong> </strong></span> 
     </span>
    </p>
   </div>
   <div class='ocr_carea' id='block_1_8' title="bbox 2005 662 2166 758">
    <p class='ocr_par' dir='ltr' id='par_1_12' title="bbox 2005 662 2166 758">
     <span class='ocr_line' id='line_1_122' title="bbox 2005 662 2166 758; baseline 0.006 -88"><span class='ocrx_word' id='word_1_927' title='bbox 2005 699 2067 758; x_wconf 52' lang='lat' dir='ltr'><strong><em>w</em></strong></span> <span class='ocrx_word' id='word_1_928' title='bbox 2162 662 2166 671; x_wconf 90' lang='lat'>.</span> 
     </span>
    </p>
   </div>
  </div>
 </body>
</html>
