5025 6925
402 1046 406 1060 .
498 1038 501 1042 ·
531 1005 804 1075 passiacurrerecum
813 997 1048 1068 sanctis,ttonjam
1063 993 1316 1067 parrulosinlacte,

532 623 580 681 m
1146 611 1175 666 S.
1196 606 1377 664 nodositas
1400 607 1550 664 sciscoot
2103 610 2159 666 m

530 744 557 789 ta
569 742 620 797 cst,
634 733 660 787 in
673 746 723 801 qna
734 729 806 784 salus
817 736 859 783 εει
868 726 940 782 οιιιιιῑ
953 724 1072 781 credenti
1089 739 1095 775 :
1111 731 1140 777 ut
1158 721 1316 777 auctoritate
1370 718 1455 775 dictos
1470 722 1550 777 lilrros
1565 723 1699 794 utriusque
1712 722 1881 780 Testamenti.
1897 725 1999 781 liictum
2012 737 2055 781 est
2065 736 2159 786 armen

530 823 705 880 commotus¹
734 816 872 889 protentis
902 816 1046 879 inserviat,
1074 813 1168 884 quihus
1192 818 1317 881 purgatus
1370 812 1449 867 ctiam
1462 813 1564 883 deipso
1577 814 1693 885 lloysea
1719 818 1803 887 magis
1826 818 1895 888 regis
1910 816 2066 887 Pharaonis,
2094 834 2159 876 cmo

531 912 710 983 unusquisque
722 918 749 965 ει
761 910 787 963 in
800 906 929 964 charitate
949 904 1081 961 radicatus
1098 911 1178 973 atque
1193 899 1318 957 laudatus
1369 903 1403 955 alt
1416 917 1449 957 eo
1463 906 1578 974 superati
1600 913 1698 973 essent,
1714 904 1814 978 lligitur
1824 905 1872 963 Dei
1887 919 1923 962 ert
1939 907 2088 983 nequead.
2098 926 2157 978 rut,

1370 993 1432 1063 l9);
1447 1004 1474 1051 et
1487 996 1556 1066 quod
1570 997 1696 1068 seriptum
1713 1007 1764 1066 εει,
1779 998 1876 1054 Culum
1889 998 2023 1070 plicabitur
2043 1002 2113 1057 sicul
2123 1003 2157 1058 li-

529 1096 578 1153 sed
589 1094 695 1166 juvenis
706 1095 732 1149 in
745 1092 815 1155 cibo,
828 1089 1055 1161 comprehendere
1069 1085 1244 1149 latitudinem,
1258 1083 1317 1139 lon·
1369 1085 1412 1140 ier
1434 1086 1508 1161 (lsai.
1536 1105 1629 1155 xrxrr,
1652 1089 1691 1160 l),
1708 1091 1788 1146 etiam
1805 1091 1828 1145 si
1842 1090 1876 1148 de
1890 1092 1940 1147 isto
1951 1092 2070 1150 aethereo
2086 1095 2158 1152 curlo

528 1188 685 1259 gitudioem,
696 1185 860 1242 altitudinem
876 1194 903 1239 ει
912 1182 1082 1253 prolundum,
1095 1180 1165 1235 scire
1178 1178 1257 1234 ctiam
1272 1191 1317 1232 stt·

528 1280 737 1350 pereminentem
762 1276 900 1333 scientiam
926 1273 1061 1329 charitatis
1072 1260 1076 1277 ²
1086 1270 1184 1328 Christi
1208 1268 1314 1341 (Epicu.

528 1383 568 1435 tn,
582 1370 626 1435 ts,
641 1367 696 1438 ll).

565 1457 591 1513 o.
606 1456 647 1512 Ea
662 1473 704 1512 ore
716 1455 851 1528 infantium
865 1450 888 1507 et
902 1454 1046 1509 lactentium
1063 1452 1189 1523 perfecisti
1205 1450 1315 1512 laudem,

529 1558 631 1620 propter
639 1548 754 1602 irrirrricos
766 1555 831 1600 tuos.
846 1544 969 1599 inimicos
979 1542 1040 1598 ltuie
1052 1540 1244 1612 dispensationi
1255 1555 1315 1611 quse

529 1644 596 1697 lacta
610 1651 652 1697 εει
665 1656 711 1711 ρει
725 1639 816 1696 lesum
842 1637 988 1704 Christum,
1011 1645 1037 1691 ει
1056 1635 1128 1690 Ιιιιιιε
1149 1634 1313 1698 crucifixum,

529 1733 687 1806 generaliter
700 1733 821 1803 accipere
834 1722 963 1787 dehemus
974 1743 1069 1785 omnes
1080 1727 1125 1799 qui
1147 1733 1237 1782 return
1255 1740 1315 1781 cre·

528 1824 593 1881 dere
607 1822 749 1893 incognita,
763 1829 792 1877 ει
803 1829 902 1876 certam
915 1819 1052 1875 scientiam
1061 1816 1219 1890 pollicentur
1229 1830 1237 1882 ;
1248 1805 1318 1871 sient

529 1915 629 1972 iaciunt
651 1913 769 1969 haretici
785 1913 912 1977 universi,
935 1919 963 1968 et
976 1910 1013 1965 illi
1026 1910 1071 1981 qui
1087 1909 1113 1964 ln
1127 1907 1317 1979 superstitione

528 2007 668 2079 gentilium
683 2004 836 2077 philosophi
849 2000 1101 2060 mantuanorum
1114 1999 1185 2071 quod
1197 1998 1316 2056 scientiae

528 2099 682 2170 pollicitstlo
692 2093 910 2167 reprehendenda
920 2094 956 2149 sit
964 2109 972 2160 ;
981 2092 1028 2149 sed
1038 2092 1108 2164 quod
1121 2091 1231 2162 gradum
1243 2090 1317 2147 salu-

1368 1176 1467 1234 dietum
1482 1188 1533 1246 est,
1545 1194 1660 1252 congrne
1673 1190 1760 1238 tamen
1773 1198 1805 1239 ει
1814 1181 1863 1239 bae
1877 1184 1969 1241 eadem
1981 1186 2158 1245 similitudine

1369 1270 1394 1324 iu
1409 1269 1533 1341 allegoria
1545 1271 1671 1328 librorum
1684 1272 1745 1329 eceli
1753 1275 1933 1331 nominantur.
1946 1276 2074 1345 Quoniam
2086 1280 2158 1334 oide-

1368 1362 1410 1423 ιο,
1432 1360 1527 1431 iuquit,
1552 1361 1637 1426 octor,
1661 1379 1737 1434 opera
1756 1364 1892 1436 digitorum
1913 1375 2015 1421 tuorum
2028 1382 2038 1421 .·
2053 1367 2079 1424 id
2103 1378 2157 1435 est,

1368 1464 1475 1507 cernam
1510 1461 1537 1508 ει
1567 1454 1709 1526 intelligam
1741 1455 1900 1527 Scripturas,
1936 1473 2002 1529 quas
2028 1472 2157 1531 operante

1369 1542 1468 1615 Spiritu
1479 1554 1571 1601 sancto
1586 1562 1634 1617 per
1646 1547 1781 1604 ministros
1796 1556 1854 1605 tuos
1873 1551 2067 1621 conscripsisti.

1402 1635 1430 1691 8.
1446 1636 1557 1693 Possunt
1581 1637 1669 1710 itaque
1688 1639 1768 1694 etiam
1790 1639 1911 1711 superius
1926 1640 1987 1697 cteli
2013 1642 2156 1712 murima,

1368 1726 1448 1784 lidet'u
1463 1728 1521 1784 libri
1545 1730 1639 1800 accipi,
1662 1730 1706 1786 ubi
1727 1731 1774 1797 ait,
1789 1730 1916 1799 Quosdam
1934 1734 2080 1791 eleuatuest
2098 1751 2157 1790 ste·

1368 1819 1514 1890 gnificentia
1525 1830 1569 1873 tua
1588 1837 1663 1893 super
1676 1821 1772 1886 caelosr
1791 1829 1819 1876 ut
1833 1829 1904 1878 totus
1925 1823 1975 1880 iste
1994 1824 2031 1880 sit
2047 1839 2157 1892 morus,

1367 1912 1497 1979 Quoniam
1516 1912 1709 1986 magnificentia
1729 1923 1773 1970 toa
1784 1913 1885 1971 eleuata
1898 1924 2031 1987 estsuper
2043 1917 2131 1975 ooelos
2143 1936 2154 1974 s

1368 2003 1479 2061 Excedit
1489 2003 1563 2061 euim
1577 2003 1824 2077 magnificentiores
1833 2007 1950 2063 omnium
1960 2007 2158 2080 scripturarum

1368 2095 1548 2167 eloquia;·er
1571 2110 1618 2152 ore
1640 2096 1778 2154 intrantium
1802 2106 1830 2154 et
1851 2097 2004 2156 lactentium
2019 2099 2159 2171 perleeisti

528 2181 904 2247 berrlmun'tet'ncoessarium
927 2186 988 2242 lldei
1001 2184 1185 2276 negligendum
1212 2192 1315 2255 putant,
1367 2186 1483 2254 landem,
1507 2197 1569 2243 uta
1592 2186 1851 2259 lideScripturarum
1875 2188 2032 2261 inciperent,
2043 2192 2092 2264 qui
2105 2206 2157 2248 etr·

526 2295 667 2351 perquem
683 2280 709 2337 iu
723 2276 821 2349 aliquid
833 2286 946 2340 certrnn,
961 2274 1032 2347 quod
1045 2289 1105 2331 esse
1125 2275 1175 2331 uisi
1188 2282 1316 2330 aternum
1367 2277 1442 2347 piant
1455 2276 1489 2333 ad
1511 2285 1563 2333 tuae
1577 2275 1781 2349 magnificentie
1799 2279 1919 2336 notitiam
1933 2263 2082 2351 nemenio,
2095 2296 2159 2353 quae

527 2386 582 2428 nou
606 2379 703 2443 potest,
727 2376 833 2440 oportet
853 2366 971 2423 ascendi.
988 2366 1055 2465 llinc
1068 2380 1115 2422 eos
1138 2374 1247 2436 apparet
1268 2378 1317 2421 nec
1367 2384 1449 2440 super
1463 2368 1615 2440 Scripturas
1629 2369 1731 2426 eleuata
1743 2377 1794 2435 est,
1814 2370 1874 2441 qnia
1889 2370 1983 2427 hausit
2003 2379 2031 2427 ει
2045 2379 2159 2443 superet

528 2462 614 2533 ipsam
629 2460 765 2517 scientiam
781 2459 890 2524 habere,
905 2474 984 2529 quam
998 2466 1150 2528 contempta
1163 2455 1218 2512 lide
1237 2455 1316 2526 polli-
1367 2459 1485 2515 omnium
1501 2460 1642 2516 verborum
1653 2460 1856 2532 linguarumque
1869 2461 2011 2531 praeconia.
2037 2460 2158 2520 laume-

528 2561 639 2620 oeotor3
653 2552 715 2623 quia
728 2560 781 2606 tam
794 2551 884 2605 utilem
898 2564 930 2604 ac
944 2548 1124 2604 necessarium
1137 2545 1248 2618 gradum
1259 2544 1317 2617 ejus
1367 2551 1406 2607 rit
1418 2565 1481 2622 ergo
1492 2550 1642 2621 Scripturas
1651 2551 1720 2607 Deus
1733 2550 1856 2623 ιιειριιειιι
1866 2552 2003 2608 iulantinm
2012 2564 2040 2608 et
2050 2553 2158 2611 lacten.

528 2646 661 2716 ignorant.
677 2642 719 2698 lie
729 2658 772 2698 ore
785 2641 1027 2713 ergoinlantiumet
1040 2640 1184 2694 lactentium
1192 2636 1316 2709 perierit·
1368 2642 1433 2698 tium
1445 2642 1629 2712 capacitatem,
1652 2642 1720 2697 sicut
1737 2641 1765 2696 in
1786 2641 1839 2697 alio
1859 2641 1960 2711 psalmo
1983 2643 2089 2698 canitur
2101 2662 2109 2700 ι
2121 2643 2158 2699 lit

529 2734 631 2791 laudem
642 2733 768 2789 Dominus
783 2743 883 2795 noster,
896 2730 1025 2785 mandans
1037 2729 1124 2800 primo
1139 2744 1186 2800 per
1199 2727 1318 2797 Prophe-
1367 2734 1495 2789 inclinauit
1513 2733 1613 2802 culum,
1626 2742 1649 2789 et
1658 2733 1786 2788 deseendit
1801 2733 1884 2806 (Paul.
1896 2750 1960 2797 arat.
1974 2733 2032 2805 19).
2055 2734 2092 2790 lit
2104 2734 2159 2798 hm

529 2835 593 2885 tam.
610 2824 669 2880 Nisi
678 2824 843 2888 credideritis,
854 2839 904 2877 nou
919 2821 1061 2893 intelligetis
1077 2819 1151 2892 (lsai.
1167 2835 1212 2885 ιιι,
1226 2818 1254 2886 9,
1266 2834 1315 2874 rec.
1369 2823 1433 2880 iecit
1444 2832 1554 2896 propter
1566 2823 1698 2887 inimicos,
1713 2823 1758 2893 qui
1772 2839 1819 2894 per
1833 2822 1982 2894 superbiant
2002 2803 2158 2895 loquaciti.

528 2914 863 2986 exinaniamus
889 2911 991 2978 dicens,
1016 2908 1089 2964 Beati
1110 2910 1153 2981 qui
1175 2925 1225 2964 non
1246 2909 1317 2965 mdc·
1371 2912 1770 2979 amicumamicumi,
1797 2914 1875 2968 etiam
1896 2928 1957 2969 cum
1977 2913 2066 2984 aliqua
2091 2929 2157 2972 rere

531 3017 590 3062 runt
604 3016 628 3062 et
640 3006 759 3062 credituri
770 3005 925 3074 euntlloan.
940 3019 989 3069 rx,
1006 3000 1316 3073 lihl’ropterinimicor:
1366 3005 1470 3073 dicunt,
1483 3004 1599 3077 parvulis
1620 3013 1709 3060 tomen
1727 2987 1754 3059 ει
1772 3003 1928 3061 lactentibus
1946 3003 2075 3074 prodesse
2094 3019 2151 3062 uon

529 3108 622 3156 conire
634 3112 701 3170 quos
713 3098 792 3153 ellam
807 3094 872 3151 illud
886 3094 984 3150 dicitur
997 3112 1004 3147 ι
1018 3092 1144 3163 Confiteor
1158 3092 1211 3159 tt'ltt',
1226 3089 1317 3147 Domi·
1368 3108 1487 3169 ρορερῃι,
1503 3097 1540 3153 lta
1552 3096 1698 3154 destruitur
1710 3096 1833 3152 inimicus
1845 3106 1874 3153 et
1887 3094 2020 3162 delensor,
2033 3097 2081 3167 qui
2094 3097 2155 3153 sing

529 3210 561 3248 ne
573 3192 630 3247 culi
643 3200 667 3246 et
680 3199 766 3256 terrac,
779 3189 838 3258 quia
852 3173 1006 3242 alseondirti
1018 3186 1072 3240 huc
1084 3200 1100 3237 a
1112 3181 1279 3254 rapientibus,
1294 3189 1317 3237 tl
1367 3188 1537 3260 sapientiam,
1557 3186 1614 3243 sire
1631 3186 1710 3243 etiarn
1723 3184 1821 3241 Christi
1842 3201 1938 3242 ιιοιιιειι
1951 3184 2095 3244 delendere
2108 3188 2151 3262 νίς

528 3282 642 3337 revelasti
664 3297 695 3335 ea
718 3278 829 3349 pamutir
851 3276 955 3348 (llatth
976 3274 1097 3355 ¹¹·‚25)·
1120 3274 1317 3346 sapientibus
1367 3279 1471 3346 deutur,
1496 3278 1530 3333 ab
1551 3277 1629 3347 bajus
1646 3285 1734 3332 tamea
1756 3275 1839 3349 modu
1858 3275 1918 3332 ndei
1941 3284 2075 3348 oppugnat
2092 3292 2154 3334 eam

530 3373 602 3427 entim
615 3371 692 3438 dixit,
708 3384 761 3425 non
782 3368 828 3439 qui
841 3366 977 3437 sapientes
990 3375 1062 3433 suut,
1078 3364 1125 3421 sed
1138 3366 1183 3436 qui
1206 3378 1266 3420 esse
1287 3378 1318 3419 se
1368 3372 1508 3429 veritatem
1530 3385 1609 3441 quarn
1630 3368 1826 3440 promptissime
1839 3368 1985 3439 pollicetur.
2007 3368 2154 3439 Propterea

529 3474 633 3537 puttam.
652 3462 687 3519 lit
696 3465 810 3518 destructe
820 3459 950 3515 ininticum
958 3467 982 3513 et
994 3458 1150 3538 desertorem
1160 3452 1208 3528 (a)-
1219 3454 1315 3525 Quem.
1343 3525 1346 3529 ¹
1367 3463 1447 3519 etiam
1462 3462 1533 3517 illam
1548 3475 1601 3517 nou
1614 3458 1713 3516 babere
1722 3439 1903 3526 convincitur}
1918 3460 1979 3530 quia
1993 3475 2153 3533 oppugnan-

531 3554 765 3634 nisihareticuml
777 3551 843 3607 llam
864 3558 892 3606 ct
906 3551 962 3621 ipse
972 3557 1014 3606 est
1032 3547 1155 3603 iuimicus
1177 3555 1205 3604 et
1226 3543 1318 3602 delen·
1367 3552 1402 3608 (ιο
1413 3552 1522 3624 gradum
1543 3551 1611 3622 eius,
1633 3550 1703 3621 quod
1723 3560 1765 3606 cst
1781 3550 1857 3618 ides,
1880 3551 2104 3622 quaemadmodum
2125 3552 2152 3608 in

531 3663 586 3713 sor,
602 3648 646 3718 qui
669 3646 746 3702 lidum
768 3642 940 3700 christianam
960 3656 1023 3697 eum
1045 3648 1190 3712 oppugnet,
1214 3638 1318 3695 videtur
1367 3660 1426 3701 eant
1440 3641 1644 3709 conscendatur,
1660 3641 1773 3713 ignorat.
1788 3642 1853 3698 ilinc
1866 3657 1930 3713 ergo
1948 3642 2094 3698 destruitur
2113 3650 2153 3699 to·

530 3737 684 3794 delendere.
697 3734 853 3805 Quanquam
871 3732 951 3788 etiam
963 3730 1116 3803 philosophi
1135 3729 1213 3800 hujus
1224 3727 1317 3783 mundi
1367 3734 1497 3792 merarius
1510 3743 1539 3790 et
1550 3747 1638 3790 caecrts
1651 3733 1809 3803 pollicitator
1823 3734 1950 3798 ueritatis,
1974 3734 2018 3804 qui
2037 3744 2079 3790 est
2102 3734 2152 3791 iai-

531 3831 600 3886 bene
615 3823 943 3898 inlelligtnltlrinluticiel
964 3821 1138 3878 defensores:
1153 3820 1317 3892 quandoqui·
1367 3828 1452 3884 micus
1464 3834 1491 3882 et
1503 3826 1637 3889 defensor,
1653 3840 1713 3881 cunr
1737 3825 1858 3880 ridentur
1879 3826 1938 3882 coeli
1958 3841 2037 3896 opera
2052 3826 2151 3897 digito.

530 3924 591 3979 dem
617 3920 699 3975 Filius
720 3918 767 3973 liei
793 3916 883 3972 Virtus
903 3922 931 3971 et
953 3913 1087 3982 Sapientia
1109 3912 1155 3967 liei
1181 3919 1239 3976 cst,
1265 3924 1316 3980 qua
1367 3934 1425 3974 rum
1451 3919 1508 3984 nui,
1535 3917 1561 3974 id
1575 3928 1626 3983 err,
1647 3916 1829 3986 intelliguntur
1851 3916 1995 3986 Scriptura
2017 3917 2151 3986 purdnmg

531 4015 677 4069 illustratur
690 4009 776 4064 ourtris
798 4006 916 4078 quisquis
939 4007 1049 4061 veritate
1069 4004 1174 4076 sapiens
1192 4003 1316 4058 allicitur.

532 4105 615 4176 liujus
636 4102 674 4159 illi
688 4117 717 4158 se
731 4110 863 4156 amatores
883 4113 942 4155 esse
959 4095 1125 4168 profitentur,
1147 4094 1217 4150 uude
1237 4093 1316 4150 etiarn

534 4194 683 4267 philosophi
697 4193 866 4249 tramittantur
881 4207 888 4245 ε
900 4198 928 4246 ει
943 4196 1083 4260 propterea
1106 4186 1179 4242 illam
1191 4186 1314 4243 ridentur

534 4285 686 4348 delendere,
700 4298 761 4339 curu
775 4281 873 4337 inimici
886 4281 940 4337 sint
952 4279 1010 4350 ejus
1021 4295 1029 4343 ;
1042 4279 1166 4348 quoniam
1188 4278 1316 4348 supersti-

533 4375 619 4431 tiones
632 4374 735 4437 noxias,
745 4382 774 4428 ut
788 4373 909 4428 colantur
921 4381 948 4425 ει
962 4379 1121 4426 venerentur
1134 4367 1213 4439 hujus
1225 4368 1316 4424 mundi

534 4469 678 4532 elementa,
693 4462 805 4518 suadere
818 4477 872 4518 non
886 4468 1002 4518 εεεεειιι.
1202 4446 1209 4460 ’

568 4556 596 4611 ¹1.
619 4551 694 4628 [reru
707 4552 745 4625 l].
764 4553 889 4618 Quoniam
902 4552 988 4606 tidelm
1000 4551 1075 4606 culos
1087 4559 1144 4605 tuoe
1153 4550 1174 4613 ¹,
1188 4565 1264 4620 opera
1276 4550 1317 4604 di-

534 4651 758 4721 gitoruottuorum.
772 4644 895 4715 Legimus
903 4643 983 4715 digito
991 4644 1037 4699 llei
1044 4642 1168 4711 scriptam
1174 4641 1317 4712 Legem,et

532 4743 622 4796 datum
637 4751 684 4810 per
697 4734 804 4808 llogsen
819 4742 938 4789 sanctum
949 4748 1055 4789 serrum
1064 4732 1123 4803 ejus
1132 4731 1228 4802 (Eeod.
1239 4747 1314 4799 rur,

534 4833 583 4898 t8;
593 4831 669 4887 beor.
679 4846 716 4893 rx,
728 4826 772 4900 to)
788 4845 794 4881 :
809 4841 887 4898 quem
898 4826 1009 4898 digitum
1021 4826 1068 4883 Dei
1082 4825 1158 4881 multi
1169 4825 1317 4895 intelligunt

533 4923 659 4994 Spiritum
672 4928 803 4976 sanctum.
816 4917 982 4989 Quapropter
990 4919 1012 4973 si
1025 4916 1121 4987 digitos
1135 4916 1192 4983 lici,
1207 4917 1316 4973 eosdem

535 5015 607 5083 ipsos
620 5012 755 5068 utinistros
765 5008 864 5081 Spiritu
874 5017 966 5064 saneto
976 5008 1102 5077 repletos,
1112 5015 1220 5077 propter
1230 5006 1315 5077 ipsunt

534 5105 659 5178 Spiritum
671 5105 716 5177 qui
728 5105 754 5160 in
768 5104 808 5159 eis
828 5110 964 5172 operatur,
984 5085 1056 5155 recle
1075 5099 1229 5179 accipimus,
1250 5113 1318 5170 quo·

536 5200 606 5254 niam
621 5197 790 5269 per'eosdent
805 5195 883 5252 nobis
901 5194 988 5250 omnis
1000 5192 1087 5249 divina
1102 5191 1238 5262 Scriptura
1251 5207 1316 5248 eon·

534 5289 602 5346 lecta
615 5298 673 5356 est;
688 5290 877 5346 convenienter
896 5286 1066 5358 intelligimus
1088 5285 1138 5341 hoc
1159 5285 1219 5342 loco
1232 5285 1316 5342 ooelos

565 5448 574 5476 ¹
585 5452 635 5492 tm.
648 5447 685 5491 se.
697 5439 882 5503 etptmuuse,
893 5432 1055 5491 conmmdtus.

565 5505 624 5554 ¹sic
635 5511 684 5553 tra.
696 5508 733 5552 rr.
752 5509 779 5553 et
796 5500 887 5570 aliquot
902 5509 957 5552 ttss.
971 5508 999 5552 ιιι
1019 5499 1091 5564 ριιιιΙο
1108 5497 1185 5560 inlra,
1204 5495 1317 5569 plerique

1369 4026 1451 4082 usque
1464 4011 1497 4066 ad
1508 4009 1646 4065 inlantium
1659 4009 1819 4066 tarditatem.
1838 4020 1865 4063 ει
1878 4026 1924 4064 cos
1948 4026 1994 4080 per
2018 4011 2152 4066 humilila-

1368 4109 1421 4156 tem
1443 4100 1575 4155 historicae
1599 4099 1671 4164 idei,
1686 4115 1745 4170 ques
1767 4099 1946 4170 temporaliter
1963 4112 2036 4171 gesta
2048 4110 2098 4163 oet,
2116 4100 2152 4156 ad

1368 4194 1554 4251 sublimitatem
1578 4192 1759 4264 intelligentiae
1779 4207 1868 4247 rerum
1891 4200 2050 4248 aetcrnmum
2082 4193 2151 4249 Ιιειιε

1368 4285 1482 4341 ιιιιιιίιοε
1503 4294 1530 4338 et
1544 4283 1682 4338 roboratos
1695 4283 1800 4353 erigunt
1819 4282 1845 4337 in
1861 4298 1891 4338 ea
1903 4299 1960 4353 qum
1980 4283 2150 4340 conflrmant.

1368 4375 1413 4431 lsti
1422 4376 1519 4446 quippe
1529 4374 1601 4441 coeli,
1615 4373 1640 4428 id
1653 4374 1749 4438 est,isti
1763 4373 1831 4437 libri,
1843 4388 1923 4443 opera
1936 4386 1997 4429 sunt
2009 4374 2152 4443 digitorum

1369 4468 1434 4533 llei;
1450 4477 1542 4523 sancto
1554 4466 1651 4523 etenim
1663 4464 1761 4535 Spiritu
1783 4467 1808 4520 in
1821 4468 1919 4522 sanctis
1932 4479 2070 4545 operante,
2082 4483 2151 4524 con·

1368 4559 1430 4614 lecti
1444 4565 1505 4613 ειιιιι
1518 4575 1525 4613 :
1539 4572 1598 4611 nam
1612 4555 1656 4626 qui
1670 4556 1781 4627 gloriam
1793 4571 1867 4611 suam
1883 4558 1967 4626 potius
1984 4574 2063 4628 quarn
2076 4559 2151 4615 salu·

1368 4659 1421 4708 tem
1435 4650 1571 4706 homiuum
1588 4647 1767 4711 attenderunt,
1787 4647 1844 4703 sine
1858 4647 1957 4718 Spiritu
1966 4661 2058 4706 saneto
2070 4651 2152 4709 locuti

1368 4750 1439 4804 suat,
1455 4742 1480 4796 in
1494 4754 1547 4810 quo
1560 4749 1622 4794 suut
1636 4739 1738 4794 uiscera
1752 4738 1940 4793 misericordia
1954 4739 2011 4794 liei.

1403 4831 1430 4889 9.
1451 4830 1577 4899 Quoniam
1588 4830 1675 4885 uidebo
1692 4831 1778 4894 culos,
1800 4845 1876 4899 opera
1889 4829 2024 4902 digitorum
2036 4842 2150 4900 ιιιιιιιιιιι,

1368 4924 1455 4978 lunum
1469 4932 1492 4977 ct
1509 4918 1597 4977 'stellae
1615 4939 1677 4994 quae
1696 4931 1723 4974 tu
1743 4922 1867 4992 fundasti.
1892 4921 1965 4977 Lttrta
1983 4930 2010 4977 ει
2023 4922 2108 4978 stellae
2122 4925 2150 4979 itt

1368 5013 1444 5069 coelis
1463 5021 1525 5068 sunt
1545 5010 1660 5067 lundata
1673 5028 1681 5066 ι
1694 5011 1755 5082 quia
1766 5019 1794 5066 et
1807 5009 1963 5066 universalis
1985 5010 2103 5066 Ecclesia
2123 5012 2152 5071 ta

1368 5103 1445 5174 cujus
1461 5117 1532 5174 saepe
1545 5101 1738 5172 significatione
1753 5101 1813 5155 luna
1829 5100 1945 5170 ponitur,
1957 5109 1984 5156 et
2004 5101 2151 5170 particula·

1370 5196 1416 5250 tim
1431 5209 1478 5264 per
1490 5194 1547 5250 loca
1563 5192 1665 5263 singula
1680 5190 1805 5246 Ecclesia
1817 5206 1882 5262 quas
1893 5193 1997 5247 nomine
2009 5192 2149 5251 stellarum
2167 5169 2171 5181 ⁸

1369 5286 1515 5342 insinuatas
1538 5285 1661 5348 arbitror,
1686 5283 1714 5340 itt
1734 5282 1833 5340 eisdem
1850 5283 1990 5354 Scripturis
2013 5284 2152 5343 collocutae

1369 5387 1440 5444 sunt,
1460 5392 1526 5450 quas
1544 5375 1673 5434 coelorum
1687 5375 1816 5431 vocabulo
1828 5376 1925 5447 positas
1938 5375 2081 5430 credimus.
2095 5376 2154 5432 Cur

1369 5478 1456 5525 autem
1471 5470 1532 5524 luna
1543 5482 1616 5524 recte
1629 5467 1759 5539 significet
1771 5467 1926 5532 ΕεεΙεείιιιι,
1938 5470 2115 5540 opportunius
2125 5471 2151 5525 in

534 5571 588 5616 css.
598 5599 606 5616 .
618 5571 641 5615 et
661 5561 713 5628 ipre
727 5575 833 5628 mutuos
849 5563 944 5625 docens,
962 5570 1011 5614 etc.
1029 5558 1189 5625 pulcrum..
1204 5571 1255 5623 tute
1272 5571 1317 5624 uer
1369 5559 1423 5616 alio
1436 5559 1538 5629 psalmo
1550 5556 1772 5625 considerabitur,
1788 5559 1833 5615 ubi
1845 5559 1943 5614 dictum
1954 5570 2014 5615 est:
2030 5557 2155 5615 Peccata·

534 5626 702 5737 “imam
714 5692 766 5734 m
777 5684 898 5743 02„me
911 5689 963 5735 qq„
977 5696 1050 5748 ..qua
1060 5681 1161 5747 quidem
1176 5681 1318 5745 mh,
1369 5669 1408 5709 res
1427 5649 1585 5705 intenderunt
1600 5665 1703 5715 areum,
1729 5658 1756 5704 ut
1776 5650 1893 5722 sagittent
1913 5650 1941 5705 in
1959 5650 2065 5705 obscura
2089 5652 2155 5706 ιιιιιιι

535 5754 590 5798 m
602 5746 789 5809 inlelffflllffle
799 5745 900 5816 Mt
911 5745 955 5793 §ed
968 5753 1023 5818 post
1040 5757 1073 5794 ex
1087 5743 1317 5795 rbeodmionlsedt·
1369 5738 1532 5798 reetcsccrde
1541 5737 1625 5808 (Paul.
1640 5755 1670 5808 x,
1681 5738 1720 5811 3).

936 5840 944 5866 l

1017 5806 1022 5816 '
1137 5806 1142 5817 '
1204 5806 1317 5868 tmoli
1405 5831 1451 5889 qo,
1470 5828 1599 5904 [rernm]
1620 5831 1738 5900 Quidem
1759 5830 1843 5900 homo,
1861 5831 2153 5903 quiamemorerejae‚

567 5905 608 5995 (ιι)Ι
616 5937 680 5985 usuc
688 5935 781 5992 partem
790 5901 855 5977 reis
863 5927 880 5976 5
888 5932 974 5977 tractat
985 5928 1044 5976 item
1055 5926 1201 5988 Augustinus
1211 5927 1235 5976 iu
1246 5933 1315 5977 suar.

537 5988 596 6048 lad.
607 6006 647 6052 art,
655 5991 738 6054 ibique
750 6002 801 6052 pro,
814 5994 837 6040 et
848 5987 1069 6051 delmcormmdicit
1080 5985 1203 6039 uoaadhs
1216 5989 1242 6039 ln
1252 5987 1317 6040 cadi·

535 6053 606 6105 ubas
616 6055 697 6105 retius
707 6050 800 6112 tebet,
810 6057 834 6101 ct
844 6047 949 6101 ιιιιοιιιι.
1012 6101 1016 6107 ,

1402 5988 1410 6020 ι
1426 5983 1539 6057 mmm
1549 5984 1814 6059 „sermomonem
1828 5995 1857 6039 ιι
1867 5988 1927 6043 outo
1937 5988 1978 6041 uti
1996 5993 2023 6042 ει
2036 5994 2100 6052 usn,
2111 5989 2156 6057 qur

1369 6062 1414 6114 per
1424 6050 1558 6112 superttam
1565 6045 1721 6112 mmm
