5025 6925
442 614 498 673 Cli

443 730 478 775 est
494 716 596 771 intituli
610 709 814 779 inscriptionem?
828 708 886 778 lpse
900 707 992 763 titulus
1011 708 1133 762 ostendat
1155 708 1231 761 nimis

444 809 569 879 populum
592 807 681 858 istum.
698 802 818 872 Scriptus
832 812 871 855 ost
885 801 956 856 enim
970 800 1076 872 qnidam
1099 799 1191 853 titulus
1204 801 1229 853 in

442 899 575 956 dominica
587 896 720 968 passione,
732 894 836 963 quando
858 893 985 947 Dominus
1003 890 1146 946 crucifixus
1160 898 1202 944 cst
1222 908 1229 944 ι

443 998 501 1047 erat
511 990 544 1043 ibi
561 987 652 1041 titulus
668 986 819 1056 inscriptus,
833 984 966 1050 hebraice,
986 998 1083 1054 graece,
1097 994 1123 1038 ct
1137 983 1227 1047 latine,

445 1081 676 1143 declamandum
690 1079 774 1133 trihus
784 1078 879 1165 lingitis
889 1088 1012 1147 tanlquam
1027 1077 1109 1131 tribus
1120 1078 1230 1132 testibus

444 1173 535 1226 timins
549 1172 720 1240 approbatus,
735 1169 795 1240 qrria
810 1170 835 1222 in
849 1183 896 1222 ore
906 1167 1019 1222 dirorum
1035 1168 1076 1221 vel
1091 1169 1169 1242 trium
1188 1177 1229 1222 ιε·

443 1266 522 1320 stium
533 1264 612 1318 stabit
625 1277 703 1316 ιιιιιιιε
716 1260 823 1315 uerbum
842 1258 930 1331 (Dent.
945 1275 1004 1322 ιιι,
1022 1258 1076 1328 li).
1094 1257 1174 1312 lstunt
1195 1258 1228 1312 ti-

443 1358 525 1411 tulum
540 1372 600 1410 cum
617 1355 741 1425 legissent
763 1352 857 1413 indat,
880 1351 1007 1421 indignati
1028 1359 1100 1416 scrut,
1115 1360 1141 1403 et
1152 1350 1229 1404 dixe·

443 1457 504 1503 ιιιιιι
516 1447 550 1503 ad
568 1446 698 1501 Pilatum:
721 1443 783 1498 Noli
800 1443 915 1506 scribere,
937 1440 991 1495 lica:
1009 1441 1172 1503 intonarent,-
1187 1439 1230 1493 sed

442 1542 500 1613 qnia
510 1539 636 1609 ipsedixit
652 1554 678 1591 se
695 1552 776 1607 repent
791 1553 843 1589 esse
855 1534 1012 1588 iudeorum.
1028 1534 1113 1603 lpsum
1132 1532 1230 1588 dixisse

442 1634 538 1696 scribe,
550 1632 693 1695 dixerunt;
710 1644 762 1683 non
776 1628 826 1682 hoc
839 1642 899 1682 esse
920 1625 990 1695 qnod
1010 1625 1085 1703 dixit.
1100 1624 1153 1679 Sed
1168 1623 1229 1695 qnia

443 1740 533 1778 rerum
552 1731 594 1777 est
614 1722 641 1775 in
655 1720 708 1774 alio
726 1719 836 1788 psalmo,
862 1715 895 1770 ln
912 1717 979 1769 titali
995 1716 1183 1786 inscriptionem
1199 1732 1230 1769 ae

441 1831 588 1885 corrantpoe
597 1812 683 1884 (Psoi.
696 1828 748 1878 nur,
762 1812 799 1882 i),
813 1809 949 1880 respondit
963 1809 1071 1871 Pilatus,
1084 1807 1158 1876 Quod
1168 1810 1229 1862 seri-

441 1910 490 1980 pei,
505 1908 595 1976 scripsi
602 1914 619 1961 “.·
634 1917 757 1975 tanqrmm
769 1903 871 1969 diceus,
891 1902 948 1956 Non
968 1915 1111 1970 corrumpo
1131 1901 1230 1955 renita-

442 2015 505 2065 tem,
522 2001 571 2055 etsi
586 2014 633 2054 ros
648 1996 756 2066 diligitis
773 1994 922 2048 hlsitatem.
940 1991 1007 2061 Quia
1021 2006 1085 2061 erpo
1100 1990 1126 2046 in
1149 1991 1230 2045 irrale-

440 2095 513 2151 dieto
527 2094 577 2147 isto
591 2087 719 2161 indignati
734 2097 795 2142 sunt
805 2086 899 2148 ludaei,
914 2084 1042 2148 dieentes,
1056 2080 1111 2136 Nos
1124 2099 1173 2135 non
1184 2084 1229 2135 tra·

441 2189 527 2241 bernes
541 2200 623 2255 repam
639 2182 688 2235 nisi
700 2180 782 2235 solum
795 2178 917 2232 Caesarem
937 2172 1026 2247 (loon.
1048 2189 1103 2237 ιιι,
1124 2171 1228 2241 iseo),

440 2278 475 2334 de
496 2276 565 2332 tituli
588 2274 735 2330 offensione
752 2272 829 2339 longe
843 2267 904 2322 lacti
920 2275 1009 2320 snnta
1029 2264 1139 2319 sanctis.
1165 2262 1229 2317 Pro·

440 2372 570 2441 pinmrent
584 2367 693 2430 sanetis,
717 2373 744 2419 et
758 2362 954 2433 agglrttiaentur
974 2367 1066 2413 sancto
1079 2357 1124 2427 qui
1139 2371 1236 2425 regern,

439 2464 574 2520 Christum
594 2466 741 2531 agnoscunt
759 2466 786 2511 et
805 2454 903 2508 habere
922 2451 1112 2520 concupiscunt
1127 2468 1134 2503 :
1150 2449 1228 2519 longe

443 2558 506 2611 liant
530 2570 544 2608 a
565 2554 664 2608 sanctis
686 2550 730 2620 qrri
745 2546 958 2602 contradicentes
980 2543 1056 2596 titulo
1070 2550 1229 2610 respuerunt

399 2695 404 2708 ,
442 2663 531 2717 regem
554 2646 648 2708 heum,
670 2651 697 2697 ct
717 2640 853 2709 elegerunt
871 2650 959 2705 regem
979 2633 1124 2689 hominem.
1136 2629 1228 2688 Omnis

441 2754 505 2810 ergo
521 2737 632 2808 populns
653 2734 768 2788 ltrrmano
788 2744 871 2799 regno
889 2727 1046 2792 delectatus,
1062 2739 1189 2794 respuens
1202 2725 1228 2778 in

442 2849 471 2888 se
486 2845 597 2902 regnare
613 2827 764 2890 Dominum,
780 2836 833 2892 quo
849 2829 977 2890 reparante
992 2818 1026 2872 ita
1040 2817 1151 2887 ortisque
1165 2816 1228 2870 sub·

440 2925 528 2997 iectus
545 2930 595 2987 est,
620 2928 650 2974 ut
662 2924 755 2988 regnet
774 2914 873 2982 etipse
889 2908 1076 2981 cupiditatibus
1091 2908 1156 2974 suis,
1168 2922 1227 2962 om·

442 3019 483 3074 nis
495 3031 558 3087 ergo
571 3013 685 3084 populus
700 3009 759 3064 talis
781 3008 859 3076 longe
871 3013 912 3059 est
924 3018 939 3056 a
954 3001 1063 3057 sanctis.
1077 3000 1165 3056 Nolite
1175 2999 1228 3053 ita-

441 3125 504 3181 que,
518 3109 623 3169 lratres,
635 3104 661 3158 in
674 3101 739 3156 solis
752 3096 851 3154 iudaeis
865 3094 916 3150 boc
927 3093 1075 3148 aduertere.
1088 3090 1153 3145 liata
1166 3097 1229 3146 sunt

441 3202 547 3274 quidem
562 3200 587 3253 in
603 3197 655 3252 illis
669 3194 744 3265 quasi
759 3190 889 3263 primitiva
899 3186 1030 3257 exempla,
1039 3197 1068 3240 ut
1082 3185 1108 3238 in
1121 3184 1166 3239 illo
1179 3198 1229 3253 po-

402 3337 408 3354 ,
442 3293 505 3364 pulo
517 3292 633 3346 eluceret
646 3285 717 3357 quod
732 3282 819 3339 oannis
836 3281 916 3334 homo
932 3286 1048 3334 caveret.
1073 3279 1172 3347 operte
1190 3275 1229 3330 illi

443 3399 530 3456 regem
551 3381 686 3436 Christum
712 3379 911 3438 recusaverunt,
938 3378 965 3424 et
983 3384 1071 3440 regem
1096 3368 1229 3425 Caesarem

442 3478 589 3545 elegerunt.
603 3471 651 3526 Est
662 3467 769 3540 quidem
781 3472 809 3520 et
821 3463 912 3520 Ceasar
922 3467 968 3517 ιἐι
983 3459 1062 3516 houm
1077 3458 1229 3516 hominibus

442 3569 476 3622 ad
488 3567 614 3630 laumana,
628 3562 674 3617 scd
692 3561 760 3614 alius
772 3570 819 3613 ιει
834 3564 876 3613 εει
891 3555 925 3610 ad
938 3555 1042 3618 divina;
1054 3553 1123 3608 alius
1135 3567 1183 3608 rex
1195 3554 1229 3609 ad

443 3657 522 3713 vitam
545 3653 741 3724 temporalem,
766 3649 833 3704 alius
855 3646 888 3702 ad
916 3657 1064 3711 aeternam
1093 3645 1160 3699 alins
1181 3661 1230 3700 rex

427 3763 574 3814 terrenus,
590 3748 658 3802 alius
674 3761 721 3801 ιει
738 3741 856 3800 coelestis
872 3759 879 3798 ι
894 3755 941 3794 rex
963 3740 1084 3793 terrenus
1100 3737 1151 3793 sub
1167 3754 1230 3809 rege

439 3840 542 3899 «aelesti
555 3881 564 3907 ,
578 3853 632 3928 ren
641 3834 760 3894 coelcstis
779 3830 968 3902 superomnia.
980 3827 1156 3898 Nonergoilli
1169 3829 1229 3900 prtia

438 3937 565 3992 «fixerunt
577 3946 606 3987 se
619 3928 716 3984 hahere
725 3925 859 3982 cesarem
870 3937 971 3994 regem
982 3928 1170 3992 peccaveram
1182 3920 1228 3974 sed

440 4029 503 4102 quia
522 4040 614 4098 regem
635 4021 772 4078 Christum
795 4015 895 4072 hahere
916 4015 1067 4070 noluerunt.
1093 4011 1128 4068 Et
1149 4013 1229 4068 modo

439 4121 517 4180 multi
529 4117 665 4175 Christum
687 4126 778 4184 regern
796 4111 821 4164 in
842 4107 911 4165 coelo
931 4105 1067 4163 sedentem
1089 4115 1117 4160 et
1133 4105 1229 4175 ubique

441 4221 596 4289 regnantem
612 4208 711 4266 habere
730 4204 824 4262 nolunt
838 4223 844 4259 :
857 4212 885 4260 et
899 4202 949 4274 ipsi
964 4208 1026 4256 ειιιιι
1042 4199 1230 4270 quitrihulant

441 4324 500 4364 ιιοε.
515 4306 614 4362 Contra
625 4302 692 4358 tales
704 4300 754 4354 iste
766 4285 884 4368 psalmus
894 4293 1034 4349 conhrmat
1048 4305 1105 4345 rios.
1114 4289 1229 4346 Necesse

439 4410 483 4459 est
495 4399 566 4455 enim
579 4406 608 4451 nt
621 4396 688 4450 tales
701 4392 830 4463 patiamur
849 4400 933 4458 usque
947 4386 973 4440 in
986 4383 1084 4439 linem:
1097 4397 1164 4454 qnos
1176 4397 1229 4437 non

442 4501 608 4562 pateremur,
623 4484 674 4540 nisi
689 4483 764 4538 nohis
775 4478 923 4550 expediret.
934 4474 1027 4531 Omnis
1040 4473 1110 4529 enim
1120 4474 1229 4529 tentatio

441 4565 1228 4655 probatioest‚etomnisprobationisellectushabetlructum

441 4671 604 4740 sunnonis
618 4668 697 4724 homo
719 4665 874 4735 plerumque
893 4660 974 4716 etiarn
990 4657 1104 4728 sibiipsi
1125 4658 1229 4729 ignotus

439 4777 483 4826 est
497 4784 505 4822 z
518 4757 767 4836 orridlcratouidre
782 4771 833 4811 non
843 4755 1042 4825 lerat,ignorat;
1053 4758 1080 4807 ει
1089 4750 1230 4821 aliquando

441 4855 579 4932 ριιιειιιιιίι
600 4868 630 4909 εε
649 4849 719 4906 ιειιε
742 4846 812 4918 qrrod
838 4860 891 4899 nnn
919 4852 1017 4914 potest,
1040 4852 1067 4897 et
1087 4841 1229 4912 aliquando

439 4951 564 5020 desperat
577 4960 608 5001 se
621 4956 699 5013 posse
714 4939 783 4995 lerre
793 4936 863 5007 quod
877 4942 963 5005 potest
980 4953 987 4990 ι
1003 4935 1107 4990 accedit
1119 4934 1229 4990 tentmio

438 5043 516 5113 quasi
529 5036 711 5108 interrogatio,
731 5043 759 5089 et
774 5030 908 5086 inuenitur
918 5029 998 5084 homo
1014 5044 1029 5083 a
1048 5030 1154 5098 seipso;
1168 5029 1228 5098 utria

438 5131 541 5187 latebat
550 5140 578 5186 ει
591 5129 718 5198 seipsum,
735 5123 782 5179 sed
795 5120 986 5177 artihcemoon
997 5120 1105 5175 latebat.
1116 5119 1230 5176 Proinde

441 5221 537 5278 oetan
558 5217 726 5289 praesumpsit
742 5214 832 5270 nescio
844 5212 906 5282 quid
920 5211 991 5283 quod
1007 5212 1032 5266 in
1053 5212 1099 5266 illo
1112 5211 1228 5266 nondum

440 5322 511 5377 crat,
522 5323 605 5380 usque
617 5307 649 5362 ad
658 5317 770 5363 mortem
785 5319 815 5360 se
825 5318 886 5358 cum
907 5303 1018 5357 homino
1039 5302 1102 5357 iesu
1123 5302 1230 5358 Christo

440 5417 503 5459 esse
516 5407 759 5471 perseveraturum:
769 5396 839 5451 vires
849 5407 910 5450 suas
921 5392 1170 5464 Petrusignorabat,
1182 5392 1229 5447 sed

444 5494 571 5551 homirius
590 5500 709 5545 nouerat.
733 5485 880 5557 llespnndit
898 5487 906 5518 ¹
928 5485 1016 5539 minus
1036 5483 1160 5541 idoneum
1184 5485 1229 5554 qrri

443 5588 627 5645 lahricarerat,
645 5581 690 5650 utri
706 5579 786 5634 etiam
800 5577 927 5632 labricato
947 5591 962 5628 a
984 5588 1013 5629 εε
1035 5575 1106 5630 uires
1121 5574 1229 5629 idoneas

442 5663 553 5733 elaturus
569 5681 636 5737 crat,
647 5669 709 5742 quid
722 5670 838 5725 nondum
851 5668 971 5734 dederat,
985 5669 1099 5748 sciebam
1119 5669 1162 5723 ille
1184 5668 1229 5739 qui

443 5771 561 5829 uortdnru
586 5776 741 5836 acceperat,
771 5760 934 5818 nesciebat:
957 5762 1069 5816 accessit
1094 5764 1227 5827 tentario;

381 5964 383 5968 ι
475 5994 483 6025 ¹
500 5993 537 6041 sic
548 5998 622 6039 nostn
634 5998 720 6036 omncs
732 5991 783 6032 tiss.
797 5988 824 6030 ιιι
835 5979 900 6035 rot,
915 5978 1063 6033 t‘raeta'dedot
1083 5981 1160 6034 nemo
1178 5981 1230 6034 ido-

441 6067 520 6115 neum,
532 6064 579 6102 etc.
591 6059 617 6100 ιι
628 6048 697 6114 paulo
709 6055 763 6110 post
775 6059 782 6096 :
794 6041 1058 6107 enimtestamento
1070 6043 1166 6095 scebro.

1049 611 1077 668 S.
1106 612 1296 670 honestati
1315 613 1469 674 notscoet

1287 713 1401 781 erogarit,
1414 711 1494 776 derit,
1505 718 1607 781 accepit
1627 713 1780 784 (lincaeo,
1791 716 1901 805 osto).
1923 718 1989 774 Cttrn
2010 738 2077 793 ergo

1285 806 1433 858 nesciamus
1452 806 1514 875 qnid
1533 818 1653 875 potanms
1672 817 1795 877 tanquam
1816 825 1868 863 nun
1884 810 2030 875 habentes.
2050 826 2078 871 ει

1286 895 1356 950 unde
1370 898 1468 966 gratias
1481 913 1589 967 agamus
1609 907 1733 969 tartunam
1756 902 1938 970 accipientes,
1952 919 2021 973 opus
2034 918 2079 961 est

1285 1001 1391 1057 semper
1404 988 1593 1045 tenortionibus
1607 1000 1635 1045 et
1648 991 1862 1048 tribulationibus
1870 995 1970 1051 erudiri
1984 997 2009 1051 in
2025 998 2079 1053 isto

1285 1078 1403 1144 sacerdo:
1418 1079 1464 1135 sed
1485 1080 1602 1135 tribulari
1619 1097 1671 1135 non
1693 1098 1843 1153 possumus,
1860 1086 1909 1141 nisi
1923 1087 1958 1142 ab
1975 1090 2077 1160 eisqui

1285 1168 1363 1240 longe
1376 1170 1442 1226 hiim
1455 1187 1469 1225 a
1483 1172 1590 1227 sanetis.
1605 1173 1837 1245 errrgirnptitatem
1853 1178 1950 1242 istam,
1966 1178 2078 1248 fratres,

1284 1262 1423 1335 intelligite
1437 1265 1525 1320 cordis
1537 1282 1607 1331 esse,
1620 1282 1670 1320 non
1683 1268 1813 1337 corporis.
1824 1268 1867 1324 Fit
1879 1270 1951 1326 enim
1962 1272 2077 1341 plerum·

1284 1364 1337 1418 que
1351 1359 1380 1403 nt
1392 1351 1437 1418 qui
1450 1366 1561 1420 corpore
1574 1351 1651 1421 longe
1672 1355 1855 1423 peregrinatur
1870 1370 1885 1409 a
1900 1365 1942 1421 te,
1962 1357 2078 1426 conjun·

1284 1452 1343 1496 etus
1353 1442 1388 1495 sit
1401 1441 1457 1508 tihi,
1470 1443 1529 1512 quia
1543 1443 1594 1498 hoe
1605 1453 1676 1498 amat
1691 1445 1760 1515 quiid
1777 1456 1803 1500 tu
1815 1463 1822 1499 :
1834 1458 1861 1502 et
1872 1445 1902 1501 ιιι
1915 1448 2077 1519 plerumque

1284 1543 1312 1588 ut
1324 1536 1478 1604 stansjusta
1493 1547 1527 1599 te,
1540 1538 1698 1605 conjrmctus
1718 1540 1752 1595 sit
1772 1540 1834 1607 tihi,
1846 1541 1907 1612 quia
1930 1543 1982 1598 hoc
2002 1554 2077 1600 amat

1283 1625 1352 1693 quod
1363 1636 1389 1679 tu
1404 1617 1449 1681 {et
1467 1627 1496 1681 ht
1506 1627 1663 1699 plerumque
1676 1640 1704 1684 ut
1714 1639 1787 1685 stans
1797 1631 1872 1703 jutta
1882 1643 1918 1699 tc,
1931 1638 2075 1706 excoquia

1283 1714 1367 1785 diligit
1377 1719 1514 1781 mumhnn,
1529 1734 1589 1775 catto
1603 1729 1628 1775 to
1640 1721 1734 1791 diligas
1751 1724 1935 1798 [teum-longe
1952 1729 1988 1785 sit
2007 1729 2074 1787 a'te.

1319 1810 1346 1862 5.
1365 1809 1432 1877 Quid
1459 1828 1523 1881 erpo
1548 1813 1598 1868 sibi
1621 1814 1686 1880 rrrlt,
1713 1817 1784 1886 qttod
1806 1818 1840 1874 ad
1861 1820 1947 1890 ipsum
1966 1823 2074 1879 titulum

1282 1899 1368 1954 adhuc
1383 1902 1506 1969 pertinet,
1521 1904 1581 1972 qnia
1593 1915 1723 1959 ιειιιιειιιιιι
1732 1924 1789 1962 eant
1804 1908 1934 1983 dlloplrpli
1946 1913 1972 1967 in
1984 1912 2075 1969 Geth?

1282 1990 1350 2046 Geth
1364 1993 1456 2046 cirins
1470 1995 1589 2063 qrrrndant
1606 2008 1663 2051 erat
1678 1997 1894 2071 llllophylorum,
1904 2003 1930 2057 id
1948 2014 1994 2061 est
2007 2007 2073 2061 alic·

1283 2083 1449 2151 nigenarum,
1466 2086 1555 2155 utimre
1567 2087 1655 2157 populi
1669 2089 1745 2159 longe
1760 2108 1774 2144 a
1788 2094 1896 2149 sanctis.
1910 2094 1948 2165 Ex
1957 2100 2074 2153 eoenim

1282 2172 1351 2242 qrrod
1365 2174 1532 2246 alienigena,
1548 2193 1600 2232 non
1618 2182 1707 2258 ritiqrte
1725 2185 1938 2255 appropinquant
1952 2192 2071 2257 sanctis,

1282 2263 1329 2316 sed
1346 2264 1422 2335 longe
1436 2277 1497 2320 sunt
1511 2283 1525 2321 a
1540 2271 1648 2324 sanetis.
1671 2271 1769 2329 Omnes
1783 2274 1828 2345 qui
1846 2291 1970 2335 recusant
1990 2281 2074 2337 Chri-

1282 2363 1351 2407 ειιιιιι
1366 2358 1616 2430 rc·geutnliertigc1nu
1629 2364 1703 2417 liunt.
1717 2365 1967 2441 Quareolienigenae
1982 2372 2073 2430 liunt?

1283 2442 1350 2512 Quia
1366 2454 1393 2499 ct
1407 2447 1450 2500 illa
1467 2450 1526 2504 vitis
1540 2454 1660 2521 qrtarmis
1673 2455 1705 2509 ab
1721 2456 1765 2511 illo
1785 2457 1911 2527 plantata,
1926 2477 2019 2520 atrtara
2031 2466 2071 2521 la·

1282 2549 1323 2592 eta
1334 2539 1396 2609 quid
1406 2540 1524 2597 audivit?
1536 2545 1620 2609 Quare
1631 2565 1748 2603 correctae
1769 2568 1795 2605 es
1813 2554 1838 2607 in
1857 2558 2071 2626 amaritudinem,

1281 2628 1337 2683 aitis
1351 2631 1433 2684 eticae
1447 2630 1553 2702 (terem,
1570 2652 1597 2699 n,
1606 2636 1652 2706 il)
1661 2638 1734 2694 ilion
1742 2640 1842 2697 dictum
1853 2654 1904 2711 est,
1917 2647 2070 2708 litismea:

1282 2722 1343 2789 quia
1356 2722 1378 2775 si
1393 2738 1463 2787 mea,
1477 2725 1575 2791 dnlcis;
1592 2728 1613 2782 si
1624 2744 1726 2799 amara,
1739 2747 1791 2788 non
1807 2739 1917 2801 mea;'si
1927 2755 1983 2793 nori
1999 2756 2073 2808 mia,

1282 2815 1372 2885 utique
1384 2817 1480 2873 aliena.
1498 2818 1642 2876 Tenocrmrt
1656 2839 1718 2894 ergo
1734 2842 1791 2880 eam
1806 2827 1937 2903 Allopltpli
1947 2833 1975 2887 iu
1994 2832 2072 2890 Ceth.

1282 2897 1432 2965 Invenimus
1456 2911 1574 2981 quidem,
1598 2913 1702 2983 iratres,
1729 2918 1810 2974 David
1834 2922 1919 2990 ipsum
1947 2926 1956 2957 ¹
1986 2925 2072 2983 lilium

1281 2998 1367 3063 lesse,
1380 3017 1468 3072 regem
1480 3004 1570 3071 lsrael,
1585 3010 1778 3078 peregrinatum
1789 3028 1848 3069 esse
1857 3016 1925 3084 apud
1937 3019 2074 3093 hilophp·

1283 3090 1332 3158 los,
1348 3107 1407 3146 eum
1421 3105 1587 3165 qttacrcretur
1600 3112 1614 3151 a
1628 3098 1708 3157 Saule
1721 3100 1742 3175 (l
1754 3101 1816 3174 Rep.
1833 3122 1891 3173 ιιι,
1904 3108 1966 3179 10);
1979 3120 2008 3166 ει
2022 3112 2076 3169 luit

1283 3181 1309 3236 iu
1324 3183 1374 3239 ista
1390 3185 1497 3242 civitate
1509 3196 1536 3242 et
1546 3189 1615 3258 apud
1631 3206 1719 3261 regem
1734 3193 1848 3250 ciuitatis
1860 3197 1938 3267 liujus
1950 3215 1958 3254 :
1971 3203 2019 3257 sod
2034 3204 2075 3259 ihi

1283 3286 1415 3333 aeteruum
1428 3294 1487 3335 csse
1501 3297 1553 3335 non
1567 3282 1690 3353 legimus.
1706 3286 1775 3357 Ergo
1789 3288 1868 3345 David
1881 3302 2004 3349 nostrum
2020 3295 2077 3351 llo·

1283 3368 1383 3423 minum
1395 3369 1485 3427 lesum
1498 3371 1633 3429 Christum
1646 3386 1738 3432 natum
1757 3395 1790 3435 ει
1808 3383 1909 3438 semine
1925 3384 1998 3442 illius
2018 3387 2076 3443 tta-

1284 3460 1336 3529 rid‚
1349 3478 1401 3517 non
1415 3465 1500 3520 solnm
1516 3475 1667 3535 tenuerunt,
1683 3470 1731 3527 sed
1749 3482 1778 3529 et
1789 3483 1879 3531 tenent
1894 3477 1983 3534 adbuc
1995 3482 2078 3538 Atio·

1283 3554 1354 3628 phyli
1369 3557 1393 3610 in
1407 3556 1486 3614 Geth.
1498 3559 1566 3616 Geth
1582 3560 1697 3619 diximus
1708 3567 1779 3635 orrod
1794 3567 1887 3625 ciritas
1896 3571 1940 3628 sit.
1955 3572 2079 3633 interro-

1281 3657 1341 3715 gata
1366 3648 1453 3703 tutem
1476 3649 1660 3722 interpretatio
1693 3656 1774 3727 liujus
1802 3662 1934 3725 nominis.
1973 3666 2078 3723 indicat

1283 3737 1419 3793 Torcular.
1441 3740 1563 3798 Christus
1589 3747 1735 3802 seeundum
1757 3751 1924 3823 uhodcapnt
1949 3755 2078 3814 Salvator

1282 3831 1411 3899 eorporis,
1427 3831 1471 3888 iile
1487 3846 1564 3890 iratus
1587 3853 1618 3891 ex
1639 3838 1740 3908 virgine
1766 3843 1918 3911 crucifixus,
1944 3850 1991 3918 qui
2015 3850 2077 3920 jam

1283 3926 1359 3979 nobis
1380 3926 1530 3995 eaernplnm
1556 3933 1758 3988 resurrectionis
1780 3946 1877 3993 nostrae
1901 3938 1926 3994 iu
1948 3957 2077 3999 ιεειιπε-

1282 4018 1371 4073 ctione
1390 4035 1445 4074 suae
1458 4022 1547 4075 menis
1560 4023 1687 4088 ostendit,
1712 4027 1757 4096 qui
1779 4029 1855 4083 sedet
1880 4031 1912 4086 ad
1931 4032 2077 4092 dexteram

1282 4109 1417 4171 Panisci
1434 4127 1480 4179 pro
1497 4111 1573 4167 nidus
1587 4114 1747 4185 interpellat,
1759 4127 1836 4175 estet
1846 4120 1900 4183 hic,
1914 4123 1962 4179 scd
1976 4125 2003 4180 in
2016 4141 2078 4182 cor·

1283 4219 1348 4274 pore
1360 4219 1407 4261 suo
1422 4207 1491 4274 quod
1504 4216 1545 4261 est
1566 4207 1697 4265 Ecclesia.
1717 4209 1820 4282 Corpus
1838 4216 2012 4285 corrjrmctum
2032 4232 2078 4277 est

1282 4294 1432 4365 capitisue,
1448 4305 1528 4366 capnt
1540 4312 1588 4366 pro
1602 4313 1714 4370 corpore
1726 4302 1823 4359 clamat
1837 4320 1844 4358 :
1860 4305 1959 4387 Saule,
1975 4309 2074 4380 Saule,

1281 4385 1343 4456 qnid
1359 4403 1399 4440 me
1412 4389 1564 4458 persequeris
1579 4388 1646 4460 (Act.
1662 4407 1703 4456 rx,
1719 4393 1767 4464 il?
1781 4394 1815 4449 Et
1827 4410 1924 4466 corpus
1943 4398 1971 4452 in
1985 4402 2076 4472 capite

1282 4493 1331 4534 suo
1358 4487 1399 4533 est
1417 4480 1560 4535 secundum
1580 4483 1736 4552 apostolum
1756 4486 1889 4544 dicentem
1909 4505 1916 4542 ε
1940 4491 1975 4547 Et
1996 4495 2074 4550 ιίιιιιιι

1282 4572 1446 4636 resuscitavit,
1462 4582 1486 4627 et
1498 4573 1574 4627 aiatol
1591 4575 1676 4630 sedere
1686 4576 1744 4647 {ecit
1759 4578 1785 4633 in
1799 4581 1938 4637 celestibus
1962 4583 2073 4656 (Ephes.

1283 4679 1313 4732 n,
1327 4665 1365 4735 b).
1382 4663 1416 4718 Et
1435 4679 1484 4719 nos
1499 4664 1534 4719 ibi
1553 4666 1687 4734 sedemus,
1703 4669 1800 4740 etipse
1817 4671 1861 4728 hic
1882 4672 2009 4732 laborat:
2024 4694 2073 4734 nos

1284 4758 1318 4812 ibi
1332 4757 1456 4812 sedemus
1467 4757 1612 4814 secundnm
1626 4774 1711 4829 spem,
1725 4769 1753 4816 et
1765 4762 1810 4818 ille
1822 4762 1864 4818 hic
1879 4765 2021 4824 nobiscum
2032 4781 2074 4825 est

1282 4853 1427 4908 secundum
1440 4848 1606 4909 charitatem.
1623 4855 1685 4911 llaec
1703 4871 1833 4931 compago
1846 4869 1974 4930 unquam
1992 4865 2073 4919 nnius

1283 4944 1397 5001 hominis
1409 4945 1471 5002 lacit
1482 4947 1550 5002 duos
1563 4948 1589 5002 in
1608 4963 1689 5003 carrae
1709 4965 1772 5016 una,
1787 4965 1915 5021 sponsum
1941 4964 1971 5010 et
1991 4970 2072 5026 ειιιιιι·

1281 5053 1349 5093 sam.
1365 5038 1439 5094 Unde
1454 5041 1547 5108 etipse
1558 5041 1685 5096 hominus
1696 5038 1933 5114 dieit:lpitarjam
1946 5062 1997 5100 ιιοιι
2008 5047 2070 5112 dra,

1281 5131 1326 5187 sed
1337 5148 1387 5185 uno
1397 5148 1455 5187 caro
1469 5131 1575 5201 (horit.
1588 5149 1645 5199 ιιι,
1656 5133 1695 5204 6).
1711 5133 1852 5204 Quomodo
1865 5152 1930 5209 ergo
1943 5139 1987 5195 hic
2003 5150 2072 5196 tene·

1282 5231 1326 5277 tur
1339 5225 1364 5277 in
1376 5223 1447 5279 Ceth
1458 5224 1470 5277 l
1482 5223 1601 5280 Tenetur
1613 5224 1640 5280 io
1656 5226 1782 5283 torculari
1796 5241 1894 5298 corpus
1906 5228 1978 5298 eius,
1992 5230 2019 5286 id
2031 5240 2072 5286 est

1283 5314 1399 5371 Ecclesia
1408 5315 1465 5387 ejus
1477 5315 1582 5386 (Ephes.
1595 5332 1615 5382 r,
1624 5315 1670 5382 22,
1678 5316 1735 5387 ιδ).
1747 5318 1815 5386 Quid
1825 5328 1876 5384 εει,
1887 5318 1914 5375 io
1925 5322 2072 5378 torculari!

1282 5407 1310 5461 ln
1323 5407 1463 5476 pressuris.
1476 5407 1527 5462 Sed
1554 5407 1716 5463 intercalari
1736 5408 1869 5465 fructuosa
1883 5425 2009 5480 pressura
2020 5424 2071 5468 est.

1283 5498 1337 5555 Ura
1351 5500 1376 5554 in
1395 5500 1447 5554 rite
1471 5514 1621 5569 pressuram
1635 5515 1687 5553 non
1713 5501 1805 5567 sentit,
1828 5501 1930 5575 integra
1954 5505 2071 5569 videtur,

1283 5590 1329 5647 sed
1342 5590 1405 5644 riihil
1424 5589 1485 5645 inde
1496 5598 1585 5644 manat
1596 5608 1603 5642 :
1615 5589 1731 5646 mittitur
1743 5592 1770 5646 in
1786 5592 1902 5648 torcrtlar
1913 5635 1921 5657 ‚
1934 5596 2070 5658 calcetur,

1282 5685 1429 5755 premitur;
1443 5682 1537 5752 injuria
1555 5681 1660 5737 videtur
1673 5682 1730 5738 heri
1750 5700 1818 5751 uvae,
1833 5682 1881 5740 sed
1903 5674 1954 5741 issi
1976 5687 2073 5758 injuria

1282 5774 1382 5829 sterilis
1396 5788 1448 5827 non
1461 5782 1517 5838 est;
1530 5774 1583 5829 imo
1597 5774 1620 5829 si
1630 5774 1702 5830 nulla
1718 5775 1812 5846 injuria
1826 5777 1978 5844 accederet,
1992 5781 2073 5834 steri·

1283 5864 1484 5920 lisremancrct.

1284 6040 1291 6052 .
1315 5982 1322 6010 ¹
1342 5986 1471 6090 mmm
1491 5976 1605 6041 ᾳιιίιιειιι,
1627 5977 1731 6042 statam,
1758 5977 1971 6044 metanoeam
1998 5975 2076 6036 aurit

1282 6053 1394 6104 maranae
