5025 6925
443 667 497 725 edit

446 792 475 837 et
486 782 529 837 hic
537 779 643 847 statuit,
657 796 682 839 ει
697 786 845 854 proposuit,
860 782 940 839 uter.-
956 783 1127 840 Prommtiobo
1140 786 1228 839 edne·

447 890 502 928 min
516 887 554 927 me
566 873 719 942 iniquitatem
739 891 817 928 nrerm
831 875 954 939 Donuno,
972 885 997 929 et
1009 886 1037 930 ιιι
1049 877 1165 931 remisisti
1177 876 1227 929 im·

449 965 562 1031 pietatem
573 965 656 1017 cordio
669 966 724 1018 mei.
976 1028 979 1032 .
1167 1035 1171 1043 Ι

482 1056 524 1108 ιι.
541 1053 615 1127 [nere.
630 1054 669 1127 6.]
686 1054 736 1109 i'ro
756 1057 894 1134 innodorobit
916 1057 949 1109 od
970 1069 993 1110 to
1006 1058 1087 1112 omnir
1107 1068 1225 1120 rueretur,

446 1150 597 1216 intempore
617 1159 766 1219 opportuno.
786 1149 843 1214 Quo
863 1149 1001 1216 tempore?
1023 1147 1076 1201 Pro
1095 1148 1151 1201 ime.
1176 1150 1226 1203 i'ro

444 1254 494 1307 nrm
506 1237 572 1291 troc?
587 1245 636 1291 t’ro
649 1239 791 1307 impietate.
804 1240 854 1293 Pro
866 1238 935 1309 ipen?
946 1240 996 1292 Pro
1011 1240 1067 1308 ipsa
1080 1240 1154 1293 renio
1166 1255 1227 1307 pec-

444 1339 573 1383 catorum.
590 1327 698 1381 Proice
712 1329 791 1381 orribit
805 1328 838 1380 od
854 1337 878 1382 te
889 1329 970 1381 omine
981 1339 1097 1395 rmrctne,
1117 1329 1143 1382 in
1161 1338 1225 1381 tem·

443 1435 502 1487 pore
511 1430 660 1489 opportuno.
673 1418 736 1471 indo
749 1418 835 1472 ombit
848 1418 880 1472 od
893 1430 917 1474 te
931 1420 1017 1473 omnis
1030 1430 1151 1486 sanctus,
1163 1421 1223 1489 quia

443 1509 564 1565 dimisisti
579 1500 694 1580 peccota.
706 1510 771 1564 nam
784 1511 806 1564 si
821 1526 872 1564 mm
884 1509 1030 1565 dimitteres
1043 1521 1159 1578 peccate,
1171 1526 1224 1565 non

442 1614 511 1658 esset
530 1616 636 1658 sonctus
655 1604 699 1673 qrri
716 1605 748 1657 nd
772 1614 796 1659 te
813 1615 915 1666 oraret,
940 1603 991 1657 Pro
1005 1604 1052 1657 broc
1064 1602 1142 1657 orabit
1157 1603 1190 1657 od
1201 1613 1225 1657 te

443 1694 521 1747 omnis
532 1705 651 1757 conetur,
666 1695 691 1748 in
703 1705 812 1761 tempore
827 1704 967 1762 opportuno
979 1709 987 1746 :
999 1693 1104 1763 quando
1115 1694 1238 1748 merdic·-

443 1786 553 1839 steiritur
565 1783 666 1839 Norum
686 1786 902 1849 Testamentum,
916 1783 1021 1854 quondo
1042 1783 1222 1839 ninniiestnbi-

444 1886 483 1930 tur
492 1876 576 1946 gratio
589 1875 695 1941 Christi,
706 1874 776 1945 ιριειι
790 1884 831 1929 εει
843 1885 945 1946 tempus
960 1884 1145 1944 opportunum.
1158 1872 1221 1928 Cum

444 1981 524 2021 netem
548 1968 613 2020 nenio
640 1966 767 2037 plenitudo
791 1967 926 2035 temporie,
950 1965 1015 2019 misit
1036 1962 1105 2018 Dens
1129 1959 1223 2017 b'iiinm

444 2076 529 2121 murro,
545 2061 641 2130 [notum
652 2075 681 2111 er:
694 2058 810 2121 rnniiere,
823 2056 848 2110 id
860 2068 901 2112 εει
910 2072 942 2111 ει
955 2055 1068 2118 [cirrium
1083 2055 1223 2109 indiscrete

445 2154 508 2205 enim
518 2143 520 2150 ’
530 2151 660 2206 uocabant
674 2150 724 2204 iroc
737 2150 859 2220 dtttiqui,
874 2145 1025 2219 snctnnr'rob
1042 2144 1127 2218 Lepe,
1143 2157 1169 2200 nt
1181 2164 1223 2202 eoo

444 2247 482 2315 qiri
494 2247 539 2301 reb
554 2245 619 2316 depe
629 2253 709 2309 ernnt,
723 2240 935 2307 redimeret(an
952 2257 986 2306 tv,
998 2241 1026 2309 ι,
1040 2239 1067 2312 5)
1091 2238 1166 2295 Unde
1178 2256 1221 2295 re·

445 2340 568 2395 dirueret?
582 2341 605 2394 A
618 2338 733 2405 diabolo,
746 2354 760 2393 a
775 2337 935 2408 perditione,
949 2353 963 2392 o
977 2339 1091 2408 peccetis
1103 2338 1172 2402 suis,
1188 2339 1222 2393 ab

417 2452 419 2457 ·
445 2449 472 2485 eo
485 2433 524 2487 cni
538 2447 569 2487 se
581 2432 765 2486 vendiderant.
777 2429 811 2486 Ut
822 2448 863 2486 eor
880 2431 923 2500 qni
936 2431 981 2485 rob
994 2430 1059 2502 Lepe
1069 2440 1139 2485 ernnt
1153 2431 1221 2485 redi·

445 2534 522 2578 neret.
538 2523 595 2579 Sub
604 2524 674 2594 Lege
686 2524 756 2578 onim
769 2531 864 2589 erant,
878 2522 937 2593 qnia
950 2521 1087 2592 premebat
1097 2537 1143 2578 eos
1154 2522 1218 2577 Lex.

444 2612 558 2670 Conditio
576 2630 622 2670 eos
637 2614 789 2684 premebat,
812 2613 992 2669 convincendo
1005 2612 1039 2667 de
1054 2624 1143 2678 reatn,
1167 2631 1219 2669 uon

444 2706 572 2761 salvando.
586 2707 620 2761 Ει
631 2705 737 2777 quidem
758 2704 826 2759 mnia
850 2704 1026 2775 prohibebat:
1040 2704 1086 2760 sed
1105 2704 1165 2775 quin
1183 2705 1220 2760 iiii

444 2800 508 2855 rires
530 2815 582 2854 nou
595 2798 727 2855 habebant
747 2814 795 2869 per
807 2799 908 2868 seipsos
919 2796 1079 2866 iustificandi
1100 2813 1147 2863 se,
1162 2799 1220 2852 cia·

444 2891 561 2945 mnndum
575 2898 633 2945 erat
644 2890 678 2945 od
690 2888 779 2953 ilium,
793 2889 926 2960 quomodo
938 2889 1067 2945 clnmnbot
1079 2890 1123 2959 nui
1136 2891 1219 2959 capn-

444 2996 486 3036 ιιιε
504 2981 649 3037 ducebatur
668 2979 717 3035 sub
738 2981 795 3050 iege
812 2981 911 3050 peccati
933 2998 940 3034 :
962 2979 1041 3035 diieer
1058 2996 1103 3051 epo
1126 2981 1219 3048 honre,

401 3145 403 3147 q
443 3076 491 3144 onir
510 3091 548 3129 me
560 3074 672 3128 liberabit
684 3074 714 3128 de
734 3089 839 3141 corpore
856 3073 943 3127 mortis
959 3074 1034 3143 boine
1056 3070 1142 3144 (Rom.
1165 3090 1218 3141 ιιι,

442 3167 486 3231 ιι.
499 3167 565 3238 W
582 3168 663 3222 Erant
683 3180 775 3221 omnes
795 3163 915 3219 homines
937 3164 986 3219 sub
1007 3164 1094 3235 Lego,
1118 3179 1171 3219 non
1191 3166 1218 3221 in

442 3256 505 3327 Lege
518 3275 525 3311 :
538 3258 593 3326 jum
607 3257 650 3310 ilio
661 3256 835 3326 deprimente,
849 3254 936 3309 iliade
948 3263 1022 3309 reatu
1034 3255 1217 3311 convincente.

444 3347 631 3403 demonstrarit
643 3349 712 3401 euim
729 3353 862 3415 peccatum
874 3345 926 3400 Lex
942 3363 949 3398 ε
969 3345 1012 3399 itta
1027 3344 1084 3400 ιιιιι
1096 3346 1217 3415 spinam,

443 3437 481 3494 iilo
500 3437 563 3494 iecit
580 3454 626 3493 cor·
640 3438 796 3508 compnngi;
819 3436 874 3507 ipso
894 3435 1030 3493 admonuit
1047 3445 1075 3491 ut
1093 3452 1167 3492 rcum
1189 3453 1220 3495 se

443 3533 546 3602 uirisque
560 3540 740 3601 mgrrosceret.
754 3538 781 3585 ει
794 3544 840 3598 pro
854 3530 929 3584 renio
944 3529 1070 3586 clamaret
1080 3529 1113 3585 od
1124 3528 1217 3585 Denuo.

444 3621 490 3677 Pro
501 3624 549 3677 bne
560 3620 640 3676 orabit
651 3622 685 3674 nd
697 3631 721 3675 te
733 3621 813 3674 omnis
825 3629 943 3684 tenetur,
961 3620 989 3674 in
1003 3629 1113 3690 tempore
1127 3637 1220 3692 oppor-

443 3725 506 3769 nnro.
518 3715 588 3785 Ergo
599 3712 718 3767 uicenam
733 3710 767 3766 de
781 3723 899 3781 tempore
917 3721 1065 3780 opportuno
1079 3727 1086 3764 :
1102 3711 1164 3766 dnm
1178 3728 1218 3787 ne·

443 3807 474 3859 nit
489 3805 617 3875 plenitudo
632 3803 765 3874 temporie,
778 3802 843 3858 nnrit
861 3800 930 3857 Dens
942 3798 1038 3856 Filium
1052 3820 1134 3858 ennon.
1155 3804 1218 3858 item

443 3897 500 3950 dicit
512 3897 654 3966 Apostolus
667 3913 675 3949 ε
689 3892 813 3964 Tempore
828 3894 974 3965 neceptobiii
993 3904 1016 3948 et
1037 3894 1129 3964 piorito
1142 3911 1220 3950 mort·

424 4019 426 4023 -
444 3987 487 4041 diri
501 3999 534 4054 te,
547 4001 570 4040 et
582 3987 608 4039 in
621 3987 661 4039 die
670 3986 758 4039 cointio
768 3986 853 4055 odjnoi
868 3995 900 4038 te.
912 3983 1012 4054 Ecurria
1024 3984 1075 4040 boc
1088 3983 1123 4040 de
1134 3986 1220 4041 otoni·

445 4076 486 4132 bos
497 4075 655 4132 Christianis
670 4075 707 4145 (n)
723 4076 875 4144 praedictum
888 4083 945 4130 erat
959 4090 973 4128 o
988 4074 1136 4146 Propheta,
1158 4077 1221 4132 sub-

443 4166 499 4236 jecit
519 4168 662 4238 Apostolus
677 4184 683 4220 :
698 4165 764 4221 Ecce
785 4183 850 4220 mmo
868 4175 963 4235 tempus
983 4164 1148 4235 occeptnbiie,
1164 4182 1219 4220 ecce

445 4275 502 4314 none
517 4261 571 4314 dier
589 4258 678 4313 mietio
693 4258 724 4328 (ΙΙ
738 4256 796 4312 Cor.
810 4274 835 4311 vt
847 4298 853 4318 ,
867 4255 906 4326 2).
924 4255 975 4310 Pro
989 4257 1036 4310 irco
1056 4257 1136 4312 orabit
1149 4258 1183 4310 nd
1197 4268 1220 4312 te

444 4355 517 4408 emtis
532 4363 643 4414 torretur,
659 4351 684 4403 in
698 4360 807 4420 tempore
820 4359 970 4420 opportuno.

474 4444 515 4498 18.
535 4441 710 4496 Verumtamen
722 4441 747 4492 in
767 4439 860 4492 ottnno
878 4455 998 4508 oqrtnrnut
1018 4437 1171 4507 multorum,
1186 4439 1220 4491 od

442 4550 493 4587 enm
511 4549 562 4586 non
582 4530 828 4601 appropinquabunt,
850 4528 889 4580 to
903 4543 959 4581 enm
979 4543 988 4581 .·
1008 4527 1041 4581 od
1061 4527 1158 4598 quem?
1178 4528 1219 4583 Ad

443 4623 530 4681 Ιιεειιι.
545 4623 617 4679 Solet
630 4622 700 4678 enim
717 4635 856 4691 porsonam
872 4629 992 4674 inritare:
1008 4619 1140 4689 quomodo
1160 4628 1217 4683 est,

441 4715 539 4770 Donrini
558 4726 593 4769 est
610 4715 694 4780 enine,
714 4724 736 4768 et
759 4729 834 4784 snper
853 4712 972 4782 populum
992 4722 1061 4782 inum
1083 4712 1219 4769 benedictio

440 4816 480 4859 teo
494 4806 578 4878 (Psoi.
591 4821 629 4871 nr,
644 4803 682 4874 9).
698 4803 755 4859 Non
769 4803 850 4867 dixit,
863 4803 964 4856 Domini
979 4812 1021 4858 εει
1034 4803 1123 4866 solus,
1134 4811 1163 4857 ει
1175 4820 1220 4857 ευ-

439 4914 484 4968 per
496 4898 620 4967 populum
632 4895 690 4966 ejns
701 4894 848 4948 benedictin
861 4893 918 4961 ejus
932 4911 939 4944 ι
954 4901 1009 4956 out,
1023 4892 1136 4948 Domine
1152 4935 1159 4957 ,
1176 4903 1217 4947 tun

438 5000 476 5042 εει
488 4988 576 5051 solus,
597 4993 624 5040 ει
644 5001 724 5054 ευρει
745 4985 867 5053 poputum
889 4995 961 5037 tuum
981 4983 1129 5037 benedictio
1150 4992 1217 5036 tun:

439 5077 481 5132 scd
494 5095 554 5132 cum
578 5078 721 5146 inciperet,
737 5074 838 5128 Domini
850 5084 886 5127 ent
904 5074 990 5139 reiut,
1005 5088 1057 5128 nou
1072 5073 1103 5128 nd
1124 5073 1217 5140 ilium,

438 5170 483 5224 seo
493 5170 526 5225 dc
541 5170 587 5224 iiio
600 5170 702 5232 dicens;
715 5169 748 5221 ibi
764 5182 907 5221 conversus
921 5175 962 5219 est
975 5167 1007 5219 nd
1023 5167 1110 5230 iilum,
1125 5176 1152 5220 et
1164 5166 1217 5231 nit,

440 5260 471 5313 t'r
482 5276 555 5329 snper
571 5259 690 5328 propninm
707 5269 776 5311 tnnnt
789 5257 924 5311 benedictio
939 5267 991 5309 tun.
1006 5255 1049 5311 Sic
1061 5265 1088 5310 et
1101 5257 1143 5309 iric
1157 5271 1217 5310 cum

438 5353 511 5407 audis
530 5352 614 5421 primo
628 5352 661 5404 nd
675 5361 711 5417 te,
727 5349 821 5404 deinde
842 5348 875 5401 nd
897 5365 970 5414 enm,
996 5362 1028 5401 ue
1049 5357 1126 5416 putes
1138 5347 1217 5401 atium

438 5459 513 5503 εεεες
532 5440 582 5494 Pro
602 5443 649 5493 irnc
664 5442 743 5493 orabit
756 5440 790 5492 od
804 5450 828 5493 te
841 5438 922 5492 omnir
935 5447 1053 5503 sonetur,
1069 5438 1219 5505 intempore

437 5542 585 5603 opportuno.
602 5528 775 5584 Vernmtmnen
787 5528 814 5581 in
826 5527 919 5580 diluuio
930 5540 1052 5597 nqnnrnm
1065 5526 1217 5594 muitarum,

375 5646 379 5652 ·
436 5625 470 5676 ed
490 5639 544 5675 enm
566 5639 616 5674 non
641 5617 885 5689 appropinquabunt.
909 5617 976 5684 Quid
996 5625 1055 5680 est,
1078 5617 1104 5668 in
1126 5616 1218 5670 diluuio

437 5733 556 5783 equorum
578 5711 737 5766 irruiturum?
756 5709 806 5775 Qui
826 5719 917 5773 nutriit
932 5709 956 5761 iu
977 5707 1076 5761 diluvio
1091 5723 1216 5776 :rqrrnrum

439 5808 588 5869 rnrdtnrnm,
603 5821 654 5858 rron
669 5798 921 5871 appropinquantod
938 5800 1029 5852 Deum.
1045 5797 1112 5865 Quid
1126 5808 1166 5853 εει
1178 5797 1219 5852 di·

439 5894 534 5953 i'ttrium
557 5911 683 5964 :reprimunt
707 5890 866 5946 tenturum?
889 5889 1065 5959 tinttiptteitns
1086 5889 1217 5944 variarunt

440 5992 622 6044 doctrinm-nm.
639 5984 782 6049 intendite,
798 5982 900 6038 iratres.
915 5980 1000 6034 iirritm
1013 5994 1088 6049 aurite
1099 5990 1160 6034 sunt
1171 5994 1218 6034 ιι-

471 6105 506 6163 (n)
519 6109 596 6160 terte,
609 6097 760 6160 ternpurr'ous.

987 663 1231 723 tttsttttntto'td
1252 666 1409 723 i‘SALilUbl
1430 666 1524 723 xxxi.
1603 704 1605 707 <

2013 673 2065 732 ιιι

1280 782 1326 835 rim
1340 781 1475 838 doctrine.
1491 784 1611 839 [tuen-im
1632 786 1677 843 Dei
1693 796 1816 854 nonest,
1830 804 1887 851 non,
1897 802 1959 846 suut
1973 797 2063 851 mnitae

1278 887 1370 942 onum,
1394 874 1441 930 sed
1454 891 1504 929 unn
1524 891 1604 946 nque.
1619 879 1675 934 siro
1686 881 1843 936 sacrementi
1856 880 1993 953 baptismi.
2008 886 2065 943 tire

1278 960 1405 1019 doctrinae
1426 966 1562 1021 solutoris.
1586 966 1621 1022 De
1643 969 1698 1037 ipsa
1720 970 1839 1026 doctrino
1861 988 1911 1043 quo
1925 975 2065 1045 irrigamur

1279 1051 1465 1121 perspiritum
1486 1065 1623 1119 sonetum,
1646 1056 1742 1113 dicitnr
1758 1053 1839 1115 :Bibe
1857 1073 1947 1131 eunom
1966 1066 1998 1118 de
2016 1067 2065 1121 tnit

1278 1145 1359 1209 unsis,
1381 1156 1404 1199 et
1417 1148 1449 1200 do
1461 1158 1592 1215 puteorum
1604 1160 1704 1203 tuorum
1719 1152 1829 1222 sontibus
1843 1151 1932 1227 (Prot.
1952 1172 1984 1222 v,
2005 1159 2061 1228 15).

1277 1234 1317 1289 Ad
1333 1236 1397 1290 istos
1408 1235 1493 1292 iontes
1509 1254 1561 1292 non
1573 1240 1702 1294 accedunt
1715 1242 1808 1311 impii,
1822 1245 1869 1298 sed
1881 1246 2020 1302 credentes
2036 1249 2061 1302 in

1277 1341 1337 1380 eum
1347 1328 1391 1396 qui
1401 1328 1529 1397 justificat
1543 1332 1651 1399 impium
1663 1331 1750 1402 (Rom.
1762 1349 1798 1399 rr,
1810 1334 1850 1398 5),
1860 1334 1914 1403 jum
1925 1336 2061 1406 justificati

1275 1415 1414 1471 accedunt.
1430 1418 1494 1471 oiim
1512 1431 1587 1488 nqrree
1606 1420 1712 1485 inulte,
1726 1422 1813 1476 molto
1832 1422 1959 1480 doctrinm
1973 1427 2060 1497 innui·

1276 1515 1340 1560 nont
1359 1508 1460 1561 artimus
1483 1508 1637 1576 nominum,
1659 1511 1729 1581 quod
1751 1515 1829 1582 poulo
1848 1525 1909 1570 ante
1928 1517 2059 1573 dicebam.

1276 1597 1334 1651 Alia
1349 1598 1464 1654 doctrino
1479 1610 1536 1664 est,
1557 1597 1649 1655 Fatum
1664 1603 1728 1656 milri
1748 1602 1819 1658 feeit.
1841 1606 1899 1659 Alio
1920 1607 2059 1674 doctrina,

1275 1684 1358 1743 Casus
1373 1688 1435 1742 milri
1450 1690 1528 1755 iecit,
1542 1692 1645 1745 fortune
1667 1692 1737 1747 feeit.
1760 1693 1787 1749 Si
1807 1696 1912 1752 eosibun
1933 1711 2062 1771 teguntur

1275 1779 1413 1847 nuntium,
1434 1782 1503 1837 nulio
1526 1783 1690 1851 providentio
1710 1786 1807 1855 oiiqnid
1828 1788 1929 1857 geritur
1944 1808 1950 1845 :
1964 1800 1991 1846 ει
2002 1790 2060 1862 ipso

1275 1868 1452 1925 tinctionem.
1468 1873 1541 1927 Alius
1554 1873 1637 1939 dixit,
1653 1876 1698 1929 Est
1710 1890 1775 1947 gens
1790 1881 1921 1934 contrario
1935 1885 2060 1938 tenebra-

1274 1974 1348 2024 rum,
1364 1975 1422 2029 que
1440 1961 1578 2019 rebeiiuvit
1589 1965 1716 2021 adversus
1736 1968 1817 2023 Deum
1830 2011 1838 2036 ,
1852 1972 1908 2041 ipsu
1921 1972 1982 2028 iacit
1995 1990 2061 2045 pec·

1274 2064 1335 2104 cneo
1348 2049 1478 2112 homiues.
1493 2052 1520 2107 in
1536 2054 1586 2110 lrnc
1600 2055 1698 2112 diluuio
1721 2073 1847 2129 uquarum
1868 2064 2007 2119 muitarum
2024 2067 2058 2122 od

1275 2140 1358 2196 Deum
1377 2157 1429 2197 non
1444 2146 1700 2215 appropinquabunt.
1715 2149 1778 2219 Qum
1791 2163 1833 2207 εει
1852 2154 1895 2208 iilo
1907 2171 1994 2226 oque,
2015 2160 2058 2213 iiio

1273 2247 1334 2286 sera
1346 2249 1404 2301 num
1418 2245 1507 2289 mnnot
1518 2237 1551 2291 de
1565 2238 1656 2294 intimo
1671 2238 1744 2295 sonte
1759 2258 1831 2312 pnrm
1844 2228 1917 2299 terite
1929 2250 2058 2304 veritatis?

1272 2321 1336 2388 Qum
1351 2324 1392 2377 iiio
1406 2340 1472 2395 nipuo
1485 2338 1542 2392 est,
1559 2326 1670 2396 iratres,
1693 2330 1741 2385 nisi
1761 2347 1821 2402 quoe
1839 2334 1917 2390 docet
1937 2339 2057 2394 confiteri

1273 2413 1405 2469 Domino?
1416 2420 1479 2482 Qum
1494 2429 1534 2472 est
1549 2418 1591 2473 iiia
1608 2435 1692 2490 aqua,
1708 2423 1757 2476 uisi
1778 2440 1836 2492 nune
1850 2425 1942 2493 doeet,
1957 2428 2057 2484 Bonum

1271 2511 1307 2557 ert
1316 2506 1429 2573 confiteri
1442 2506 1550 2562 liomino
1562 2508 1646 2583 (Prot.
1662 2527 1714 2573 xer,
1730 2511 1772 2585 ιι
1786 2514 1849 2581 Qum
1859 2525 1900 2571 est
1912 2518 1953 2571 itta
1969 2534 2055 2589 anun,

1271 2596 1390 2667 nisique
1403 2598 1481 2654 docet
1494 2599 1561 2656 horre
1572 2616 1675 2668 rocem,
1689 2604 1750 2659 Diri
1758 2649 1765 2674 ,
1783 2606 1954 2663 pronuntiabo
1967 2612 2057 2667 odror-

1270 2701 1326 2740 enm
1338 2705 1377 2743 me
1387 2689 1534 2759 injustitiam
1548 2709 1628 2747 meam
1640 2693 1750 2751 domino
1765 2713 1775 2751 .·
1789 2707 1832 2764 ει,
1848 2698 1903 2771 Epo
1918 2701 1972 2755 dixi
1980 2745 1988 2768 ,
2004 2703 2057 2758 Do·

1270 2780 1354 2845 mine,
1369 2781 1484 2836 mirerere
1496 2783 1560 2850 rnei,
1574 2800 1637 2839 enno
1651 2788 1762 2842 nnimom
1774 2806 1863 2855 menni,
1875 2793 1992 2860 pnorrimn
2003 2809 2058 2865 pec·

1270 2873 1325 2926 cori
1348 2872 1412 2928 ribi?
1430 2874 1492 2931 {teo
1511 2891 1578 2948 nque
1598 2877 1772 2936 consessionis
1794 2896 1978 2951 peecatorum,
1999 2887 2056 2943 iimo

1269 2977 1336 3034 oque
1347 2964 1536 3022 humiliationis
1548 2968 1654 3037 cordiS,
1670 2969 1727 3025 iraee
1737 2986 1803 3041 oque
1819 2974 1879 3028 nitzo
1896 2975 2054 3044 ‘minutatim

1270 3052 1418 3123 objicientis
1430 3070 1469 3120 εε,
1486 3056 1550 3110 nihii
1565 3057 1641 3114 dese
1656 3062 1849 3128 praesumentis,
1864 3063 1931 3119 uiiril
1946 3080 2000 3121 sure
2011 3082 2056 3141 po·

1270 3146 1361 3200 tentio
1382 3148 1495 3215 superbe
1509 3148 1658 3205 tribuentis.
1672 3150 1734 3206 Heu
1747 3167 1815 3222 aquo
1828 3154 1856 3208 in
1870 3157 1947 3211 unitis
1959 3157 2055 3214 alieni·

1269 3251 1398 3307 perrarum
1413 3239 1487 3295 libris
1498 3250 1557 3307 εει,
1574 3257 1625 3297 non
1641 3244 1667 3297 in
1678 3245 1807 3315 epicureis
1817 3263 1890 3321 ‚lnon
1905 3249 1931 3304 in
1947 3252 2054 3314 otoieis,

1270 3345 1323 3386 non
1334 3331 1361 3385 in
1372 3333 1596 3401 manichaeismo
1607 3337 1631 3389 in
1641 3337 1788 3406 platonicis.
1801 3339 1965 3414 Ubicumque
1975 3342 2054 3401 etio'm

1270 3422 1441 3480 inueniuntur
1462 3426 1559 3496 optima
1575 3439 1706 3499 precepto
1721 3446 1824 3487 morum
1846 3442 1872 3489 et
1891 3433 2053 3507 discipline,

1270 3514 1405 3572 humilitas
1424 3525 1511 3572 tamon
1534 3520 1583 3574 isto
1598 3535 1651 3575 non
1672 3521 1815 3578 invenitur.
1839 3524 1886 3580 Via
1901 3528 2055 3584 trurnititotin

1270 3608 1349 3681 hujus
1361 3610 1466 3666 aliunde
1479 3613 1489 3643 ¹
1509 3621 1598 3668 marrot
1612 3633 1619 3667 ι
1634 3629 1648 3667 n
1668 3613 1776 3670 Christo
1795 3615 1875 3673 venit.
1891 3620 1952 3677 iimo
1967 3624 2007 3676 rio
2021 3624 2056 3679 ab

1270 3700 1316 3757 itto
1327 3712 1378 3769 est,
1391 3703 1435 3772 qui
1450 3717 1509 3757 cum
1522 3705 1680 3768 essetattus,
1693 3705 1801 3764 humiiit
1810 3710 1891 3764 venit.
1903 3710 1970 3778 Quid
1983 3716 2053 3768 euim

1257 3791 1341 3865 ⁸eliud
1350 3781 1440 3849 doiutr
1453 3791 1617 3850 humiliando
1629 3811 1674 3863 se,
1687 3794 1770 3852 iactus
1787 3798 1915 3857 obediens
1928 3805 2054 3872 usquead

1269 3893 1398 3952 mortem,
1410 3896 1521 3940 mortem
1534 3895 1622 3940 notem
1640 3888 1727 3942 erneis
1737 3886 1865 3960 (Piritipp.
1879 3907 1908 3954 u,
1925 3892 1973 3964 ιιι
1985 3895 2054 3961 Quid

1269 3977 1341 4033 uliud
1355 3977 1444 4033 docuit
1458 3977 1584 4033 soluendo
1595 3978 1665 4048 quod
1677 3994 1729 4034 nou
1738 3977 1868 4044 debehat,
1879 3994 1910 4037 ut
1926 3999 1974 4038 nos
1986 4001 2000 4039 ε
2013 3987 2056 4041 de·

1270 4069 1325 4125 bito
1335 4069 1480 4125 liberaret?
1489 4069 1557 4137 Quid
1570 4070 1641 4125 eliud
1652 4070 1896 4141 docuitiroptimtus
1908 4076 1952 4144 qui
1966 4090 2056 4145 pecco·

1271 4172 1326 4215 tum
1341 4176 1392 4215 non
1407 4159 1486 4226 iecit,
1506 4161 1646 4215 crucifixus
1666 4161 1711 4230 qui
1733 4172 1835 4216 reatum
1854 4178 1907 4217 nnn
1921 4164 2056 4222 habebnt!

1270 4251 1338 4323 Quro
1355 4249 1425 4306 atino
1444 4232 1549 4316 omitt,
1567 4252 1616 4307 nst
1632 4250 1699 4307 nane
1721 4252 1916 4309 oumrtnneur
1930 4256 1987 4312 uon
2002 4259 2053 4312 ru·

1271 4344 1364 4400 merito
1383 4344 1419 4397 nit
1436 4359 1442 4395 :
1458 4343 1511 4415 Epo
1524 4360 1580 4398 enm
1600 4344 1639 4398 oio
1650 4355 1673 4398 et
1686 4345 1775 4400 oeritne
1789 4355 1812 4400 et
1826 4347 1876 4400 nito
1896 4347 1984 4420 (boon.
1998 4367 2053 4419 xiv,

1269 4436 1308 4508 tt).
1332 4435 1358 4491 iu
1383 4436 1431 4490 irae
1444 4450 1508 4506 ergo
1528 4435 1674 4491 irunrilitote
1694 4438 1884 4508 propinquetur
1899 4422 1935 4494 od
1948 4442 2053 4506 ribo-mn,

1269 4528 1329 4598 quin
1341 4542 1422 4597 prope
1436 4537 1477 4582 est
1489 4527 1614 4582 Dominus
1624 4528 1666 4583 his
1679 4529 1723 4599 qui
1736 4530 1901 4608 obtriverunt
1910 4548 1956 4589 cur
1967 4534 2053 4607 (Psoi.

1271 4634 1351 4672 xxxin
1364 4659 1371 4679 ,
1386 4616 1441 4688 to).
1462 4617 1489 4671 iu
1503 4617 1603 4673 diluuio
1612 4626 1699 4673 nutem
1712 4634 1838 4690 antrorum
1852 4624 1993 4679 multorum
2006 4643 2057 4681 ex«

1271 4709 1418 4764 tollentium
1431 4723 1459 4763 se
1471 4709 1598 4763 odrersns
1614 4709 1695 4764 iteum
1707 4752 1714 4776 ,
1727 4721 1753 4765 et
1763 4712 1913 4768 docentium
1927 4719 2055 4786 superinos

1270 4799 1427 4868 impietates
1441 4797 1474 4852 nd
1488 4799 1568 4852 Deum
1580 4815 1630 4853 uon
1644 4803 1899 4872 appropinquabunt.

1306 4890 1349 4944 td.
1362 4886 1437 4961 [nere.
1448 4887 1487 4952 751
1502 4888 1540 4943 Tu
1555 4900 1642 4944 nutem
1653 4890 1734 4960 quid,
1749 4893 1792 4960 nui
1806 4894 1886 4949 etium
1894 4895 2054 4964 justificetur

1270 4994 1308 5043 es,
1321 4982 1389 5035 inter
1401 4964 1502 5035 me'dios
1516 4980 1573 5034 itins
1585 4996 1665 5050 enims
1678 4983 1723 5036 εει
1736 4983 1866 5053 Undique,
1882 4986 1976 5043 iratres
1991 4995 2053 5059 mei,

1270 5071 1349 5125 eti-nu
1361 5086 1421 5126 cum
1434 5071 1592 5125 eonfitemur
1606 5081 1710 5138 peccota
1723 5113 1729 5134 ‚
1745 5084 1912 5144 perstrepunt
1925 5079 1994 5135 circa
2006 5099 2056 5137 nos

1271 5177 1345 5232 aqrrm
1356 5160 1406 5215 iilae
1421 5161 1521 5215 diluvii.
1536 5161 1593 5213 tion
1606 5176 1696 5215 snmus
1710 5162 1735 5215 in
1751 5164 1808 5231 ipso
1820 5165 1929 5230 diiurio,
1940 5172 1987 5227 sed
2002 5177 2056 5227 cn·-

1271 5253 1427 5306 eumdnmur
1438 5250 1471 5305 ab
1483 5250 1540 5320 ipso
1550 5250 1657 5305 dilutio.
1674 5251 1800 5309 Premnnt
1809 5270 1857 5311 nos
1867 5298 1874 5323 ,
1886 5258 1933 5315 sed
1945 5276 1997 5317 non
2007 5279 2057 5332 op-

1272 5343 1389 5412 primunt
1399 5382 1406 5401 ,
1418 5351 1510 5409 urgent
1525 5355 1591 5400 nos,
1605 5340 1651 5394 sed
1663 5355 1715 5396 non
1725 5342 1889 5416 demergunt.
1905 5347 1972 5417 Quid
1992 5369 2056 5424 ergo
2109 5394 2112 5401 .

1272 5446 1299 5489 tn
1311 5433 1391 5488 ineies
1402 5475 1409 5493 ,
1422 5432 1481 5500 ιριιιι
1494 5433 1519 5485 in
1533 5432 1619 5486 medio
1633 5433 1731 5490 ditmio
1744 5451 1788 5501 es,
1803 5439 1942 5497 ombrdnns
1956 5443 1982 5498 in
2005 5446 2056 5499 inre

1272 5525 1368 5580 secun
1378 5524 1390 5576 ι
1401 5521 1467 5576 Num
1478 5523 1548 5576 enim
1563 5537 1614 5576 non
1628 5524 1704 5598 nuriit=
1714 5527 1778 5582 tniee
1791 5527 1924 5598 doctores,
1940 5549 1993 5588 non
2007 5550 2060 5589 nu·

1272 5616 1310 5668 dit
1324 5615 1388 5668 totos
1399 5613 1536 5682 supernos,
1550 5625 1595 5667 out
1610 5630 1662 5669 non
1675 5631 1708 5670 er
1722 5618 1809 5674 rerbis
1823 5634 1914 5677 eorum
1927 5626 2056 5694 quotidin-

1274 5720 1321 5759 nns
1335 5704 1431 5772 patitur
1444 5703 1469 5755 in
1482 5703 1561 5756 corde
1571 5720 1618 5757 suo
1629 5709 1848 5774 persecutiones?
1859 5712 1926 5780 Quid
1937 5729 2000 5785 ergo
2011 5715 2052 5769 di·

1272 5804 1315 5849 εει
1327 5795 1376 5848 ιειε
1393 5793 1446 5862 jam
1464 5793 1621 5863 iustificatos
1636 5806 1663 5851 ει
1684 5814 1846 5868 presumens
1864 5805 1898 5859 do
1919 5805 1989 5872 Deo,
2011 5808 2055 5876 nni

1305 5972 1314 6002 ¹
1328 5976 1353 6019 tu
1363 5971 1474 6020 omnihus
1482 5983 1557 6085 pff
1568 5978 1632 6032 etse..
1643 5972 1696 6026 vire.

1305 6033 1364 6081 ¹Sic
1380 6039 1433 6082 ιιεε.
1446 6041 1473 6083 nt

1272 6101 1352 6144 m
1559 6047 1613 6085 cum
1630 6045 1737 6101 negante
1755 6040 1884 6102 perdente,
1896 6042 1993 6096 ntirnrde
2011 6055 2056 6097 noo
