5025 6925
530 659 582 718 tut

531 788 622 830 corona
636 770 730 825 domus
744 768 799 822 [lei.
822 764 872 833 Qui
893 764 966 819 enim
988 761 1122 834 pertinent
1140 761 1172 816 ad
1190 761 1314 816 decorem

533 865 626 916 dormis
641 861 701 920 Dei,
724 856 858 927 inquibus
880 854 981 908 babitat
1001 853 1083 928 glrtria
1104 851 1162 917 lici,
1187 851 1236 920 ipsi
1256 859 1319 905 sunt

531 959 607 1011 lucus
620 947 890 1026 babitationisqlorirc
901 946 959 1001 bet.
972 946 1002 1001 ln
1014 945 1109 1015 quibus
1118 952 1206 999 autem
1218 942 1318 997 habitat

533 1045 615 1113 gloria
631 1044 694 1108 lici,
709 1044 760 1099 nisi
773 1045 816 1115 qui
830 1043 869 1098 sic
881 1042 1043 1112 gloriantur.
1058 1047 1151 1093 utnon
1171 1039 1197 1092 in
1208 1051 1254 1103 se,
1271 1035 1318 1091 sed

533 1140 560 1191 in
584 1137 697 1191 bomine
718 1135 888 1208 glorientur?
912 1134 983 1204 Ergo
1004 1132 1065 1201 quia
1093 1130 1173 1186 dilexi
1194 1130 1339 1211 decorem³

531 1231 706 1293 domuerunt,
728 1229 753 1283 id
773 1236 825 1293 est,
844 1242 939 1282 omnes
951 1225 997 1297 qui
1020 1225 1055 1279 ibi
1079 1231 1141 1279 sunt
1161 1231 1189 1277 ct
1208 1221 1318 1292 gloriam

533 1332 605 1374 tunm
618 1330 758 1390 quaerttrrt;
772 1319 819 1374 sed
835 1327 862 1373 et
875 1332 927 1372 non
940 1313 1095 1386 presumpsi
1111 1314 1137 1367 in
1151 1310 1276 1372 bomine,
1289 1317 1318 1364 et

534 1429 585 1466 nnn
605 1412 729 1468 consensi
744 1411 846 1481 impiis,
865 1418 893 1465 ct
906 1425 956 1462 non
972 1406 1096 1469 introibo,
1111 1412 1139 1458 ct
1150 1418 1202 1458 non
1218 1400 1317 1457 sedebo

534 1509 560 1560 in
574 1509 775 1576 congregatione
788 1518 897 1565 eorutn;
918 1500 977 1570 quia
993 1500 1028 1553 ita
1042 1497 1078 1551 lui
1091 1497 1117 1551 in
1129 1494 1245 1550 Ecclesia
1261 1492 1316 1556 bei,

534 1597 597 1668 qnid
619 1598 682 1651 mibi
703 1594 854 1651 retribues?
871 1593 996 1664 Sequitur
1012 1588 1075 1660 quid
1090 1584 1317 1657 respondeamus:

539 1690 577 1744 otc
589 1688 738 1759 comperdas
751 1704 808 1741 cnm
821 1686 906 1756 impiis
918 1685 1029 1738 animant
1042 1696 1137 1745 meunt,
1151 1687 1174 1731 et
1185 1693 1243 1731 cum
1261 1675 1320 1729 virio

535 1782 686 1851 tartqttt'ttttrrt
699 1781 771 1832 uitem
785 1793 874 1831 meum.
1269 1815 1274 1823 .

570 1874 612 1928 li.
627 1868 836 1945 [venibit]
858 1868 891 1923 lu
914 1882 1020 1935 quornm
1042 1864 1157 1917 rotantibus
1179 1860 1323 1930 iniquitotcr

541 1974 615 2031 runt,
630 1964 732 2017 ἀειιεια
752 1977 837 2016 eornm
856 1958 951 2030 repleta
970 1966 1006 2011 ert
1027 1954 1170 2009 monendus
1185 1967 1195 2007 .·
1213 1964 1323 2005 munera

445 2125 449 2133 ι
535 2072 588 2112 tion
608 2055 693 2111 solum
708 2052 820 2123 ρειιιιιίιι
833 2062 892 2116 εει,
909 2066 960 2104 nort
975 2048 1061 2103 solum
1080 2061 1172 2101 aurum
1188 2053 1216 2099 ct
1229 2057 1324 2113 arqen-

536 2160 607 2210 tmn,
632 2162 684 2200 nou
707 2146 792 2201 solnm
814 2143 907 2199 exenia
921 2143 929 2174 ¹
944 2150 1026 2202 sunt:
1050 2153 1136 2208 rteqnc
1160 2150 1254 2190 omnes
1278 2133 1324 2203 qui

535 2242 724 2311 accipitrnten,
740 2238 873 2307 accipiunt
886 2249 1005 2289 munera.
1026 2228 1174 2301 Aliquando
1187 2228 1258 2283 enim
1277 2242 1323 2283 ac·

535 2334 669 2404 cipiantur
689 2331 723 2385 ab
745 2328 875 2384 Ecclesia.
899 2326 974 2393 Quod
999 2323 1069 2388 dico,
1094 2321 1188 2376 Petrus
1209 2318 1323 2388 aceepit,

537 2424 663 2477 bominns
678 2420 790 2490 aceepit,
805 2419 906 2474 loculos
919 2416 1020 2480 babuit,
1034 2429 1064 2471 ea
1082 2428 1141 2483 quse
1150 2410 1325 2466 mittebantur

535 2516 615 2569 lndns
641 2513 786 2579 auferebat.
812 2510 865 2567 Sed
891 2509 953 2580 qnid
978 2517 1020 2564 est
1044 2507 1164 2578 accipere
1192 2503 1324 2559 munera?

538 2609 647 2678 Propter
661 2621 770 2660 munera
784 2604 892 2659 laudare
905 2605 916 2635 ¹
929 2602 1080 2663 bominem,
1094 2597 1196 2653 adulari
1212 2595 1323 2657 bomini,

537 2700 643 2768 palpare
653 2695 822 2758 blandiendo,
834 2694 953 2764 judicare
965 2702 1055 2745 contra
1065 2690 1203 2744 veritatem
1216 2695 1325 2759 propter

499 2859 502 2864 Ι
537 2804 654 2842 inumera.
679 2787 792 2856 Propter
812 2800 871 2854 quac
886 2781 1018 2837 munera?
1042 2780 1100 2835 Non
1115 2778 1201 2833 solum
1216 2786 1325 2848 propter

536 2894 629 2931 arrrttm
642 2885 668 2931 et
681 2860 817 2945 argentum
831 2883 858 2929 et
877 2871 1027 2940 tnrjnsnoot
1048 2869 1164 2940 aliquid,
1180 2867 1225 2923 sed
1244 2867 1324 2922 etiam

538 2982 646 3043 propter
666 2972 769 3025 laertem
785 2970 829 3039 qui
848 2968 949 3038 jutlieat
966 2966 1049 3027 male,
1065 2978 1161 3018 munus
1173 2961 1278 3031 accipit,
1299 2968 1326 3015 et

538 3082 633 3120 nrnnus
648 3079 700 3133 quo
715 3063 781 3118 nibil
797 3062 910 3116 inanius.
926 3058 1014 3113 Potuit
1033 3056 1104 3112 enim
1126 3054 1163 3110 ittt
1185 3068 1279 3109 manus
1292 3052 1324 3107 ad

509 3200 513 3215 .
536 3155 717 3223 accipiendum
735 3153 862 3223 judicium
877 3151 972 3221 linqua>
986 3149 1098 3212 alienor,
1114 3156 1140 3201 et
1156 3143 1269 3214 perdidit
1280 3143 1325 3211 ju·

536 3247 633 3301 dicium
656 3245 824 3299 conscientiae
847 3257 912 3294 sitm.
937 3241 1005 3308 Ergo
1030 3240 1057 3293 in
1080 3253 1188 3308 quornm
1211 3233 1326 3289 tironibus

539 3339 680 3407 iniquitates
693 3344 768 3401 sunt,
784 3336 887 3389 dextero
899 3349 987 3386 eorum
1000 3330 1094 3402 repleto
1114 3338 1151 3383 ert
1171 3326 1324 3381 muneribus.

539 3430 649 3495 Videtis,
666 3427 772 3494 tratres,
788 3426 848 3497 quia
862 3438 953 3480 eoram
967 3423 1023 3478 Deo
1042 3431 1113 3481 sunt,
1130 3428 1158 3474 et
1173 3420 1197 3472 in
1212 3430 1326 3489 quorum

501 3537 506 3553 ⁹
539 3525 659 3578 inanibus
682 3537 734 3575 non
761 3529 822 3574 sunt
845 3519 1006 3588 iniquitates
1032 3529 1081 3568 nec
1104 3513 1211 3567 dextera
1233 3525 1326 3565 corum

539 3617 637 3684 repleta
660 3622 701 3667 cst
721 3611 891 3674 muneribus,
914 3608 1004 3677 ntique
1025 3619 1115 3660 eoram
1138 3605 1200 3665 ilco,
1225 3611 1253 3657 et
1272 3616 1325 3656 non

539 3716 649 3774 possunt
663 3704 711 3757 nisi
727 3703 780 3757 beo
800 3700 910 3762 dicere,
925 3697 965 3752 Tu
983 3697 1057 3751 scis:
1074 3710 1126 3748 non
1142 3701 1252 3762 possunt
1274 3691 1325 3745 nisi

455 3786 458 3794 ’
539 3798 576 3850 illi
592 3796 680 3850 dicere
694 3812 701 3848 :
716 3792 758 3847 Nc
775 3792 922 3859 cuniperdor
936 3805 992 3843 cunt
1009 3788 1093 3857 impiis
1107 3786 1217 3839 onirnom
1229 3799 1324 3848 nicom,

539 3898 561 3941 et
574 3904 632 3941 cunt
646 3887 705 3940 ririr
718 3883 956 3954 tarquiniensem
971 3894 1072 3942 trienni:
1090 3878 1136 3949 qui
1149 3877 1222 3932 solus
1239 3882 1328 3945 potest

544 3977 649 4039 ridere,
673 3976 808 4046 quianon
831 3971 964 4041 acciplunt
986 3985 1106 4024 ntnrtera.
1135 3967 1213 4022 i'erbi
1234 3981 1325 4033 causa,

538 4070 667 4138 eontinqit
679 4076 707 4121 ut
720 4067 773 4120 dno
791 4065 913 4118 immines
927 4063 1042 4118 babeant
1061 4074 1169 4115 cainam
1182 4058 1252 4128 apud
1267 4073 1324 4113 ser·

538 4178 600 4214 rum
615 4162 671 4217 lici:
686 4175 764 4213 tronto
775 4157 825 4212 nisi
843 4171 917 4212 stram
928 4157 1026 4224 justam
1040 4153 1104 4207 dicit
1114 4152 1242 4214 c'ausam;
1266 4165 1327 4204 nam

539 4253 561 4304 si
576 4252 690 4320 iniquam
704 4259 809 4319 irritaret
821 4262 927 4302 causam
942 4260 1017 4300 suam
1029 4284 1037 4312 ,
1050 4242 1166 4313 judicem
1181 4256 1235 4296 non
1254 4256 1329 4310 quae-

542 4348 622 4395 reret.
639 4340 672 4393 Et
686 4341 729 4393 illc
741 4355 771 4392 sc
784 4347 858 4407 ptttat
873 4340 972 4406 iustam
986 4349 1092 4389 eausam
1112 4333 1219 4398 babere,
1233 4341 1260 4388 et
1274 4331 1326 4387 illo.

545 4429 658 4482 i'enittnt
671 4428 703 4481 ad
716 4428 843 4496 judicem.
858 4427 1006 4495 Antequam
1023 4422 1173 4494 proteratur
1185 4422 1327 4486 sententia,

541 4519 619 4573 ambo
631 4517 722 4571 dicunt
734 4535 740 4569 ·.
751 4517 942 4586 Amplectimur
953 4514 1080 4585 judicium
1094 4523 1185 4577 tuum;
1200 4511 1328 4582 quidquid

499 4625 502 4632 ’
540 4609 711 4678 judicareris,
732 4608 802 4661 absit
823 4615 851 4660 ut
872 4620 1038 4676 respuamus.
1060 4604 1128 4672 Quid
1150 4611 1177 4659 et
1200 4612 1227 4655 tu
1240 4601 1329 4658 dicis?

542 4703 633 4773 ludica
648 4700 762 4770 quidvis,
779 4707 878 4753 tantum
892 4698 980 4768 judica
995 4716 1002 4754 ε
1018 4712 1126 4768 prorsus
1147 4695 1170 4749 si
1192 4695 1218 4748 in
1238 4695 1327 4765 aliquo

543 4809 740 4866 repugnarem,
762 4791 900 4846 anatliema
922 4791 982 4845 sim.
998 4789 1085 4845 Ambo
1102 4796 1192 4842 amant
1212 4787 1328 4857 judicem

542 4900 683 4958 antequam
697 4885 806 4956 jqdicet.
822 4883 888 4937 Cnrn
900 4891 988 4936 antem
1007 4881 1077 4936 dieta
1097 4879 1176 4935 luerit
1187 4879 1327 4941 sententia,

543 4991 634 5035 contra
648 4978 811 5035 unum-erit:
832 4984 860 5031 et
874 4982 966 5029 neuter
978 4987 1070 5027 eorum
1083 4972 1134 5027 seit
1146 4980 1237 5026 contra
1249 4985 1329 5041 quern

544 5078 629 5127 tntrrra
642 5081 694 5126 est.
710 5072 755 5126 lile
767 5085 831 5141 crgo
845 5069 866 5124 si
880 5067 999 5136 utrisque
1014 5066 1117 5134 placere
1127 5065 1247 5127 voluerit,
1262 5063 1331 5118 aeci·

545 5167 581 5236 pit
597 5180 693 5220 munus
714 5164 818 5219 landem
841 5162 987 5218 bominum.
1011 5156 1064 5213 Sed
1092 5167 1201 5228 accepto
1221 5171 1331 5211 munere

545 5258 605 5320 isto,
621 5256 707 5310 ridete
720 5256 789 5325 quod
805 5269 901 5309 ntnnus
913 5251 1026 5306 amittat.
1040 5247 1144 5317 Accipit
1157 5247 1228 5317 quod
1242 5255 1330 5305 sonat,

465 5347 472 5362 '
545 5347 701 5402 et¹transit:
717 5346 803 5416 pordit
815 5344 885 5416 quod
904 5343 1009 5405 dicitnr,
1025 5349 1051 5395 et
1072 5354 1207 5408 nunquam
1227 5338 1330 5392 transit.

509 5475 511 5480 ,
548 5441 663 5493 l'erbum
677 5439 724 5492 Dei
743 5454 849 5503 semper
868 5437 980 5500 dieitur,
997 5448 1129 5501 tntaquarn
1144 5431 1238 5485 transit
1251 5447 1257 5482 :
1271 5445 1332 5484 rer·

547 5536 608 5589 bum
629 5533 751 5588 hominis·
763 5547 823 5586 mim
845 5540 874 5584 ut
893 5530 991 5584 dictum
1006 5524 1103 5589 luerit,
1119 5523 1223 5578 transit.
1248 5521 1333 5577 Tenet

497 5618 500 5625 “
548 5627 644 5683 inania,
669 5622 778 5679 dimittit
801 5620 896 5675 solida.
920 5619 949 5674 Si
973 5626 1062 5672 autern
1085 5616 1167 5669 [lenm
1190 5613 1332 5677 intueatur,

548 5715 701 5787 prolaturus
713 5722 754 5767 est
766 5710 922 5766 sententiam
935 5716 1026 5762 contra
1042 5720 1133 5770 rmum,
1147 5701 1334 5758 considerato²

549 5809 613 5871 tren,
628 5805 678 5859 sub
691 5819 744 5874 qno
756 5801 845 5870 jndice
857 5799 927 5852 illam
940 5796 1049 5867 profert.
1067 5795 1113 5850 ille
1133 5803 1221 5849 autem
1241 5803 1334 5848 contro

580 5967 588 5999 ¹
602 5965 667 6017 rell..
679 5961 760 6013 sertio.
774 5965 893 6008 tttornnos
902 5962 967 6014 tiss,
982 5953 1076 6006 mnia.

580 6031 590 6060 ²
603 6036 626 6076 tn
637 6033 701 6078 uss..
713 6022 823 6074 rutrrlure.

580 6091 590 6123 ⁸
602 6088 708 6139 ootrnttlli
719 6086 781 6145 odd,
798 6078 970 6132 cmsidermtte.

1143 649 1171 707 S.
1191 646 1371 707 Abousrtrtt
1388 642 1542 707 eetscurt'

2107 648 2156 709 lii

1373 779 1451 833 quem
1473 764 1574 834 prolata
1595 762 1684 826 trent.
1706 764 1768 820 etsi
1787 762 1841 832 iam
1859 762 1962 831 effringi
1985 777 2038 816 non
2061 772 2162 831 purtem,

1373 855 1432 923 qnia
1449 864 1551 910 tenetur
1564 855 1623 925 jure
1644 855 1711 912 torte
1731 871 1784 910 non
1803 856 2000 919 ecclesiastico,
2021 856 2068 910 sed
2085 857 2160 923 qnin-

1373 949 1461 1015 cipnm
1473 949 1572 1012 seculi,
1588 950 1632 1019 qui
1647 959 1748 1003 tantum
1764 948 1802 1019 (ιι)
1814 947 1964 1003 detulerunt
1980 948 2120 1012 Ecclesim,
2134 959 2179 1003 ttt‘

1373 1037 1499 1107 quidquid
1513 1039 1539 1093 in
1554 1054 1585 1093 ea
1597 1038 1742 1109 judicatum
1755 1037 1846 1104 interit,
1858 1038 1975 1093 dissolri
1990 1054 2042 1093 non
2058 1041 2164 1107 possit:

1374 1129 1396 1183 si
1411 1145 1474 1201 erqo
1486 1130 1587 1201 cliringi
1603 1147 1655 1185 non
1677 1142 1778 1202 potest,
1790 1131 1845 1202 jam
1866 1147 1919 1185 nott
1931 1132 1987 1185 rult
2006 1132 2106 1187 intueri
2124 1149 2164 1197 se,

1374 1232 1401 1277 et
1413 1224 1421 1255 ¹
1435 1238 1521 1278 eecos
1533 1224 1625 1278 oculos
1640 1224 1728 1292 dirigit
1749 1225 1774 1279 in
1788 1223 1923 1294 judicem,
1938 1223 2055 1279 detrabit
2076 1240 2164 1295 qnan-

1375 1322 1429 1368 tum
1444 1324 1541 1383 potcst.
1564 1314 1672 1371 Placere
1687 1316 1741 1397 illi,
1765 1316 1860 1387 inquit,
1875 1316 2066 1379 voluit,.diriti
2089 1317 2163 1385 tavit,

1374 1415 1420 1460 aut
1433 1408 1531 1478 aliquid
1543 1408 1577 1461 alt
1590 1409 1635 1463 illo
1646 1407 1758 1479 accepit,
1772 1418 1817 1463 aut
1827 1410 1917 1464 timuit
1929 1410 2003 1463 illum
2015 1410 2163 1465 ollendere.

1375 1500 1488 1553 Aocnsat
1502 1500 1576 1569 qnasi
1590 1509 1696 1569 accepta
1711 1500 1766 1555 sint
1780 1500 1944 1557 munera.·Si
1960 1512 2047 1556 antem
2063 1517 2165 1570 pomer

1376 1590 1498 1645 babuerit
1509 1600 1601 1645 eontra
1616 1591 1737 1658 divitem,
1753 1602 1781 1648 et
1795 1608 1845 1662 pro
1859 1608 1974 1665 paupere
1994 1593 2072 1649 luerit
2094 1593 2166 1661 jndi-

1375 1692 1482 1746 eatum;
1505 1683 1569 1738 dicit
1582 1683 1645 1738 item
1658 1682 1747 1750 dives,
1762 1684 1872 1753 Accepit
1888 1700 2010 1739 munera.
2025 1684 2093 1753 Qum
2107 1702 2167 1739 mu-

1376 1792 1439 1832 nera
1458 1791 1473 1829 a
1495 1777 1630 1845 paupere?
1652 1776 1742 1842 Vidit,
1767 1778 1870 1847 inquit,
1895 1793 2063 1850 pauperent,
2084 1789 2113 1833 et
2133 1796 2170 1835 ω

1376 1865 1617 1934 reprehenderetur
1633 1866 1703 1936 quod
1726 1879 1817 1922 contra
1839 1883 1984 1939 pauperem
1998 1868 2104 1935 lecerit,
2116 1885 2170 1939 np-

1376 1957 1472 2026 pressit
1482 1957 1622 2025 justitiam,
1637 1967 1664 2013 ct
1678 1960 1786 2030 protulit
1799 1969 1889 2014 eontra
1904 1960 2043 2016 reritatcm
2058 1970 2169 2016 senten·

1377 2049 1450 2101 tiam.
1466 2048 1532 2103 Cum
1549 2064 1612 2118 erqo
1633 2066 1742 2106 necesse
1763 2051 1796 2105 sit
1817 2061 1846 2105 ut
1869 2052 1919 2105 boe
1941 2051 2056 2112 dimtur.
2079 2053 2170 2109 ridete

1377 2156 1428 2195 nou
1444 2155 1523 2210 posse
1536 2141 1587 2195 diei
1601 2144 1635 2197 ab
1647 2141 1688 2197 bis
1700 2143 1745 2213 qui
1761 2159 1870 2204 munera
1888 2141 1940 2198 tion
1953 2145 2099 2213 accipiunt,
2113 2143 2168 2200 nisi

1376 2247 1465 2286 coram
1487 2234 1571 2287 oeulis
1594 2233 1652 2291 Dei.
1676 2235 1720 2301 qui
1743 2236 1816 2289 solus
1830 2235 1901 2292 ridet
1921 2237 1980 2307 quis
2002 2238 2126 2307 accipiat,
2142 2249 2170 2294 et

1376 2324 1435 2393 quis
1448 2340 1500 2378 nou
1514 2326 1625 2396 accipiat
1638 2344 1644 2380 :
1659 2326 1714 2398 Epo
1725 2339 1809 2381 antem
1820 2329 1846 2381 in
1857 2330 1999 2385 innocentio
2010 2348 2068 2385 ntea
2079 2334 2170 2386 nnrbe

1377 2415 1437 2475 lori,
1451 2415 1545 2469 redime
1563 2433 1618 2482 nte,
1641 2427 1664 2471 et
1685 2420 1802 2473 ademere
1822 2421 1892 2474 orei:
1906 2438 1948 2491 pes
1966 2438 2035 2476 arctis
2055 2425 2126 2479 stetit
2141 2426 2168 2479 in

1376 2508 1533 2562 rectitudine.
1549 2507 1700 2563 concussus
1716 2524 1773 2563 sum
1786 2493 1891 2579 qtridcm
1904 2512 2021 2581 undique
2030 2516 2168 2571 scandalis

1376 2611 1404 2655 ct
1419 2601 1606 2655 tentationibus
1628 2601 1878 2670 reprehendentium
1899 2603 2026 2673 judicium
2050 2606 2168 2661 brrnmmt

1378 2693 1546 2747 temeritate¹
1558 2709 1565 2745 :
1578 2692 1625 2748 sed
1638 2710 1682 2763 poa
1694 2710 1762 2747 mem
1776 2696 1843 2749 stetit
1861 2695 1887 2749 in
1902 2696 2060 2771 rectitudine.
2079 2700 2169 2763 Quare

1376 2793 1464 2838 autem
1478 2785 1504 2838 in
1524 2785 1694 2839 rectitudine?
1711 2785 1776 2853 Quia
1799 2787 1921 2857 superius
1941 2786 2067 2843 dixerat:
2089 2787 2122 2843 br
2141 2789 2169 2844 itt

1378 2873 1486 2927 Domino
1498 2891 1602 2944 sperone
1619 2892 1669 2930 non
1682 2875 1807 2931 movebor.

1413 2987 1455 3040 ll.
1470 2986 1537 3052 Quid
1559 3002 1622 3055 erqo
1636 2986 1788 3042 concludit?
1800 2986 1963 3043 indebitis
1975 2989 2119 3059 benedicant
2132 3002 2168 3058 te,

1378 3074 1493 3132 Domine.
1504 3077 1530 3130 ld
1545 3088 1596 3140 est,
1613 3079 1638 3132 in
1654 3078 1778 3133 Ecclesiis
1790 3093 1843 3131 nnn
1856 3093 1898 3133 mc
1911 3080 2078 3148 benedicam,
2092 3083 2169 3152 qnasi

1377 3178 1464 3223 certus
1476 3167 1509 3222 de
1529 3169 1698 3233 bominibus,
1712 3169 1759 3224 sed
1775 3179 1800 3224 te
1820 3171 1972 3226 benedicam
1994 3175 2022 3227 in
2043 3175 2170 3243 operibm

1378 3259 1454 3313 meis.
1476 3259 1531 3315 lloe
1549 3268 1590 3314 cst
1609 3261 1678 3314 enim
1701 3259 1856 3315 benedicere
1876 3261 1958 3317 Denm
1977 3263 2002 3317 in
2022 3263 2186 3331 Eet·lesiis,.

1379 3350 1484 3413 tratres,
1498 3351 1538 3403 sic
1548 3350 1637 3404 rivere
1653 3361 1681 3404 ut
1693 3365 1741 3419 per
1755 3367 1843 3406 mores
1855 3353 1983 3421 cujusque
1997 3355 2171 3411 benedicatur

1379 3441 1458 3497 bens.
1480 3440 1545 3495 Nam
1562 3442 1606 3512 qni
1621 3441 1754 3497 benedicit
1769 3443 1908 3499 [lominum
1924 3443 2030 3516 lingna,
2044 3458 2071 3503 et
2093 3446 2170 3503 tretis

1379 3531 1525 3598 maledicit,
1540 3548 1592 3587 non
1615 3534 1640 3587 in
1655 3533 1780 3592 Ecclesiir
1794 3535 1926 3591 benedicit
1938 3535 2090 3593 Dominum.
2104 3539 2183 3607 tin,

1378 3640 1427 3694 qua
1443 3640 1524 3695 prope
1548 3641 1641 3679 omncs
1654 3626 1822 3692 benedicunt,
1839 3627 1884 3682 sed
1900 3643 1953 3682 non
1971 3642 2067 3684 omnes
2082 3629 2168 3685 iactis.

1377 3717 1488 3785 Quidam
1504 3732 1568 3772 uoce
1583 3718 1761 3782 benedicunt,
1780 3719 1886 3788 quidam
1906 3720 2034 3776 moribus.
2056 3721 2083 3776 ln
2104 3739 2170 3792 qno·

1378 3824 1437 3861 rum
1451 3817 1537 3862 autern
1550 3809 1670 3863 moribus
1679 3824 1732 3863 non
1744 3809 1876 3866 invenitur
1889 3812 1959 3880 quod
1972 3812 2055 3877 aiunt,
2070 3813 2171 3870 iaciunt

1378 3898 1557 3969 blasphemari
1572 3901 1665 3966 ileum,
1680 3910 1708 3955 ut
1720 3899 1758 3956 illi
1773 3902 1816 3969 qni
1833 3901 1949 3956 nondum
1964 3903 2064 3959 intrant
2078 3905 2170 3959 Eccle-

1378 3990 1465 4055 siatn,
1481 3988 1601 4059 quamvis
1624 3999 1712 4045 ament
1728 4000 1834 4060 peccata
1856 4005 1924 4054 sua,
1949 4001 1976 4046 et
1999 3993 2060 4048 ideo
2083 3996 2170 4049 nolint

1379 4095 1439 4136 esse
1460 4080 1613 4147 christiani,
1640 4090 1727 4136 tamen
1751 4092 1881 4137 excusent
1901 4097 1999 4154 seper
2022 4084 2119 4149 malos,
2142 4094 2170 4140 nt

1380 4172 1548 4227 blandiantur
1560 4173 1620 4231 sibi,
1635 4172 1792 4228 seducentes
1806 4174 1919 4244 seipsos,
1933 4183 1961 4230 ει
1973 4173 2065 4230 dicant
2077 4193 2084 4229 :
2099 4174 2169 4244 Quid
2181 4160 2186 4169 ⁸

1380 4262 1444 4316 milti
1466 4263 1609 4331 persuades
1629 4271 1659 4318 ut
1678 4263 1843 4318 Christianus
1859 4264 1929 4318 sim?
1941 4264 1999 4335 Ego
2012 4263 2135 4321 lraudcm
2155 4283 2170 4323 a

1380 4353 1524 4408 cbristiano
1540 4368 1633 4423 passus
1647 4370 1716 4419 sum,
1728 4365 1755 4410 et
1767 4369 1900 4424 nunquam
1915 4354 1981 4418 ieci;
1995 4355 2090 4426 laisum
2106 4357 2172 4414 milti

1378 4446 1479 4515 jurarit
1491 4446 1663 4505 christianus.
1680 4455 1707 4500 ct
1718 4461 1767 4517 ego
1781 4462 1925 4516 nunquam.
1943 4445 1977 4501 tn
1990 4463 2052 4503 eum
2065 4448 2117 4503 ista
2131 4449 2173 4503 di·

1380 4547 1453 4597 cunt,
1470 4537 1675 4606 impediuntnra
1699 4536 1786 4592 salute
1801 4554 1807 4589 :
1824 4546 1852 4592 ut
1866 4537 1931 4592 nibil
1944 4538 1984 4593 eis
1998 4539 2094 4609 prosit,
2118 4558 2172 4596 nou

1381 4627 1486 4697 quidem
1505 4627 1574 4697 qnod
1598 4628 1651 4695 jam
1674 4627 1737 4682 boni
1751 4637 1827 4689 sunt,
1842 4629 1888 4683 scd
1909 4629 1980 4700 quod
2000 4631 2182 4688 mediocriter.

1383 4718 1455 4772 maii.
1470 4718 1611 4785 Quomodo
1627 4721 1697 4773 enim
1714 4718 1779 4772 nibil
1795 4718 1902 4788 prodest
1916 4721 2020 4790 aperire
2030 4722 2134 4789 oculos,
2150 4723 2175 4779 sl

1382 4812 1417 4865 sit
1426 4810 1539 4880 quisque
1552 4810 1707 4865 intenebris
1721 4827 1729 4886 ;
1742 4810 1776 4865 ita
1791 4810 1855 4865 nibil
1867 4810 1975 4882 prodest
1985 4826 2045 4868 esse
2058 4811 2085 4866 in
2100 4799 2174 4881 luce,

1381 4903 1403 4954 si
1418 4901 1500 4955 clausi
1515 4909 1579 4954 sunt
1598 4901 1677 4955 oculi.
1701 4900 1738 4956 lta
1760 4911 1787 4956 ct
1809 4916 1927 4972 paganus
1947 4903 2052 4972 quidem
2075 4903 2176 4972 (uide

1383 4990 1435 5044 illis
1449 4990 1536 5061 potius
1558 4990 1696 5060 loquamur
1709 4991 1782 5046 reiut
1795 4991 1862 5046 bene
1876 4992 2025 5050 virentibus
2037 4990 2047 5064 )
2057 4995 2177 5061 patenti·

1383 5082 1431 5136 bus
1446 5083 1531 5137 oeulis
1551 5082 1632 5137 estin
1655 5081 1788 5147 tenebris;
1811 5083 1870 5152 quia
1886 5098 1938 5137 non
1953 5085 2072 5153 agnoscit
2085 5084 2175 5140 lncem

1383 5188 1457 5228 suam
1472 5174 1613 5228 Dominum
1632 5189 1638 5226 :
1660 5173 1819 5237 christianus
1834 5183 1922 5229 autem
1937 5174 2005 5229 male
2026 5175 2131 5243 virens,
2146 5177 2175 5232 iu

1416 5407 1747 5531 'pkqupggtpsaebmpfim
1759 5466 1914 5537 ¹tenteritotis.
1936 5474 1986 5515 Am.
2006 5474 2043 5517 rr.
2064 5477 2092 5518 et
2109 5474 2177 5529 bns,

1380 5529 1785 5645 &mmmm-temeritates.
1800 5530 1847 5578 sed
1865 5527 1927 5578 baud
1943 5527 2019 5579 dubie
2030 5529 2177 5593 legendum,

1416 5698 1453 5760 (ιι)
1465 5703 1546 5746 exstat
1556 5708 1585 5744 ea
1595 5695 1627 5744 de
1638 5708 1666 5746 re
1674 5695 1818 5744 constantini
1826 5691 1870 5743 len
1882 5693 2178 5755 iutlreodosianoeodioe,
2197 5680 2202 5689 ⁶

1386 5760 1428 5810 lib.
1442 5759 1481 5814 to,
1494 5760 1531 5808 tit.
1544 5757 1576 5807 de
1587 5754 1810 5829 episcopalijudicio
1819 5792 1826 5813 ,
1836 5755 1892 5804 dela
1910 5756 1939 5803 ati
1951 5754 2074 5804 abtannm
2090 5756 2179 5818 prete·

1386 5830 1451 5872 ctum
1463 5820 1592 5872 merceio.
1604 5831 1653 5879 qua
1663 5825 1739 5868 sanet
1757 5824 1895 5879 tmperator,
1908 5825 1936 5865 ut
1957 5820 2112 5867 «sententiae
2123 5819 2178 5880 eri·

1390 5895 1538 5944 «scortorum
1556 5878 1666 5943 quolibet
1686 5891 1781 5941 genere
1801 5877 1912 5941 prolata»,
1932 5880 2052 5928 introlatae
2075 5892 2179 5939 semper

1391 5945 1606 6004 ‹incorrtrpt'eque
1624 5949 1772 5996 serventur,
1791 5948 1862 6002 tuque
1873 5954 1959 5989 ontnes
1976 5953 2055 5989 musae
2067 5955 2124 6003 qum
2136 5942 2178 5991 rel

1392 6006 1526 6066 ‹prtetorio
1535 6004 1590 6064 iure
1602 6001 1642 6050 rel
1657 6001 1720 6051 cirili
1732 6009 1873 6055 tractantur,
1893 6004 1974 6063 episen
1991 6014 2059 6050 orum
2077 6010 2180 6052 senten·

1392 6066 1610 6124 «disterminare,
1625 6074 1745 6127 perpetuo
1752 6061 1888 6112 stabilitatis
1897 6064 1953 6124 jure
1969 6016 2126 6114 lienteum·
