5025 6925
439 806 488 859 ert,
502 793 565 849 Cam
575 791 678 846 mretrmit
688 791 783 846 rrrltrrar
796 805 867 844 sarna
880 804 963 841 coram
978 787 1137 847 trauecta,
1150 796 1173 839 et
1186 785 1224 836 di·

440 888 506 943 rtiar't
521 903 588 950 caat,
604 895 627 937 et
638 884 708 944 abiit,
722 883 850 952 scriptura
861 895 920 934 esse
935 881 959 932 in
972 878 1122 948 Regnorum
1133 876 1227 942 libris,

440 979 483 1033 nb‘.
493 976 584 1032 omnia
601 975 677 1029 nobis
688 978 784 1044 scripta
797 981 859 1028 snut
871 986 930 1041 arrae
942 970 1074 1040 pertinent
1087 967 1119 1022 ad
1133 982 1175 1022 res
1183 982 1229 1037 ge·

439 1081 493 1127 ttas
508 1067 590 1122 [tarto
606 1065 675 1120 :sed
691 1080 742 1118 non
758 1063 905 1117 invenimus
917 1063 976 1125 hoe,
988 1069 1016 1114 et
1029 1068 1116 1113 tamen
1129 1055 1228 1126 aliquid

440 1163 592 1220 invenimus
617 1161 686 1214 nude
708 1167 834 1227 appareat
861 1155 911 1209 bne
934 1167 993 1207 osse
1018 1161 1140 1205 traeturn.
1163 1149 1228 1204 Nam

441 1254 625 1324 scriptumest
644 1250 704 1320 prtia
723 1244 783 1303 erim
805 1247 907 1317 ingeret
929 1243 1009 1298 Dauid
1035 1251 1229 1312 persecutorem

441 1344 514 1406 Sam.
529 1343 642 1400 eontulit
662 1357 691 1396 se
705 1341 738 1394 ad
754 1339 835 1395 aetas
850 1351 938 1408 regem
952 1334 1032 1399 Geth,
1048 1333 1074 1388 ld
1087 1342 1127 1388 est
1140 1331 1173 1387 ad
1186 1348 1230 1387 re·

432 1429 500 1510 'grui
519 1436 659 1506 enjusdam
677 1434 763 1503 gentis
786 1432 879 1486 rieirue
899 1445 980 1500 regno
995 1427 1147 1484 ludaeorum
1166 1443 1172 1480 :
1195 1424 1230 1479 ibi

444 1529 580 1594 latitabat,
596 1537 625 1584 nt
649 1526 856 1598 persecutionem
871 1523 959 1579 saetis
973 1522 1103 1577 evitaret.
1129 1519 1231 1573 tleeens

443 1631 529 1678 atatem
544 1629 604 1675 erat
614 1618 699 1688 gloria
713 1617 779 1686 ejus,
793 1615 862 1669 etrele
875 1629 922 1684 pro
934 1611 1072 1667 benefacto
1086 1610 1182 1666 meruit
1191 1609 1233 1664 in·

444 1711 560 1777 sidiam,
576 1707 682 1779 promto
703 1706 804 1762 Goliam
826 1702 975 1768 interiecit,
990 1713 1017 1757 er
1032 1703 1058 1758 in
1074 1717 1124 1755 arra
1146 1715 1231 1770 pugna

443 1803 554 1876 gloriata
573 1802 796 1868 securitatemque
809 1798 882 1866 regui
897 1804 925 1851 et
938 1797 993 1865 regi
1008 1802 1036 1850 et
1051 1793 1146 1864 populo
1158 1807 1232 1847 eorn-

445 1896 555 1969 pararit.
572 1892 634 1950 Sar'd
650 1901 811 1947 autemeam
827 1897 989 1962 provocante
1004 1886 1081 1943 Golia
1095 1895 1230 1949 aestuaret,

445 1996 578 2059 posuero
587 1985 661 2041 Golia
677 1984 759 2038 hostis
770 1997 829 2038 esse
840 1981 923 2051 erepit
934 1981 969 2044 ei,
982 1994 1029 2049 per
1040 1977 1114 2047 atejus
1125 1992 1232 2031 mantua

447 2082 548 2136 bostem
565 2087 722 2141 treearerar,
742 2085 768 2129 et
783 2074 875 2129 inridit
889 2071 980 2143 gloriae
998 2069 1079 2125 llarid
1094 2088 1100 2123 :
1118 2069 1233 2125 maxime

445 2172 504 2243 attia
524 2169 639 2242 populns
660 2168 685 2222 iu
701 2165 880 2223 exsultatione
899 2167 1076 2224 constitutus,
1102 2170 1129 2215 el
1151 2160 1234 2214 chroro

446 2266 496 2336 jarn
509 2264 581 2319 lae'to
597 2261 722 2317 mulieres
736 2267 912 2313 eantarerunt
923 2256 1034 2326 gloriam
1054 2253 1147 2318 David,
1163 2252 1234 2322 qnod

446 2356 507 2413 saed
524 2354 699 2426 percussisset
712 2351 738 2405 in
753 2349 878 2412 millibus,
895 2357 919 2401 et
935 2345 1015 2399 David
1028 2345 1053 2398 in
1067 2344 1142 2399 denis
1155 2342 1235 2396 milli·

447 2450 504 2505 ltus.
518 2449 588 2504 lline
602 2447 646 2501 ille
660 2452 830 2506 eotrnnotus,
846 2438 915 2510 attod
928 2445 1047 2507 caeperat
1063 2434 1160 2490 hahere
1180 2449 1236 2488 nra·

445 2541 529 2612 jerem
543 2537 654 2610 gloriam
667 2551 714 2604 per
726 2549 805 2588 uuam
821 2546 933 2602 pugnarn
947 2544 1021 2599 puer,
1033 2526 1124 2597 etjam
1137 2526 1161 2580 in
1176 2525 1234 2579 lau-

447 2634 520 2690 dibus
533 2630 653 2686 omnium
670 2627 723 2698 regi
740 2623 954 2695 praeponebatur,
971 2628 999 2674 ut
1012 2635 1041 2674 se
1060 2618 1140 2673 habet
1153 2617 1234 2687 pesti·

448 2726 523 2783 leatia
538 2721 630 2778 lirinis
642 2729 670 2776 et
684 2718 805 2789 superbia
819 2716 919 2780 sacnti,
937 2713 1054 2767 inridere
1066 2723 1194 2780 emperor,
1209 2718 1236 2763 et

448 2816 578 2887 persequi.
595 2813 670 2868 Tune
684 2812 728 2866 ille
742 2826 790 2871 se,
809 2817 837 2862 nt
850 2806 915 2873 dixi,
929 2804 1078 2862 contulerat
1092 2804 1124 2857 ad
1145 2817 1235 2872 regem

447 2908 524 2973 Getlr,
537 2905 584 2977 qni
594 2893 739 2957 vocabatur
751 2899 839 2954 dehis.
854 2900 1012 2969 suggestum
1024 2905 1065 2951 est
1078 2904 1165 2950 autem
1182 2896 1234 2966 regi

448 2994 592 3069 ipati‚·quod
608 2993 681 3047 illum
695 2989 762 3061 apud
773 2988 930 3052 scitaberet,
940 2987 984 3058 qni
993 3001 1115 3057 magnam
1126 2984 1236 3056 gloriam

448 3088 544 3145 babere
567 3093 685 3155 empserat
700 3085 725 3137 in
747 3083 841 3151 pepnlo
861 3079 1012 3136 Judreorum
1024 3120 1031 3143 ,
1043 3086 1070 3133 et
1082 3077 1180 3168 dietum
1195 3087 1237 3131 est

447 3178 484 3237 dh
496 3198 504 3236 2
520 3177 548 3233 N
549 3194 616 3231 ortae
628 3178 672 3230 iste
686 3182 721 3228 est
735 3174 825 3236 ildoid,
839 3172 879 3226 rai
888 3173 992 3225 citaretur
1003 3174 1112 3240 fecerent
1123 3168 1237 3223 mulieres

449 3268 580 3326 irretito.
597 3268 704 3320 atre-ans
719 3281 729 3319 ,⁰
745 3265 809 3320 Saril
819 3264 938 3335 pererrasr't
951 3263 976 3314 in
990 3260 1108 3322 edilibus,
1119 3271 1142 3314 et
1157 3259 1238 3315 braid

448 3362 471 3417 ia
481 3362 555 3416 denis
570 3357 704 3412 millibus?
718 3357 846 3412 startiam
861 3363 967 3424 propter
983 3353 1050 3408 hane
1066 3352 1177 3422 gloriam
1191 3353 1233 3406 in·

449 3452 536 3509 ridere
550 3450 586 3505 ilii
604 3456 722 3518 eruperat
736 3447 810 3511 Sairl,
828 3462 915 3500 nmme
931 3443 1103 3500 utetuendmn
1116 3451 1174 3499 erat
1187 3443 1236 3498 Da-

447 3544 500 3610 tid,
517 3559 552 3599 ue
563 3549 590 3595 et
604 3542 648 3596 ille
662 3554 708 3595 rex
723 3539 754 3593 ad
770 3554 848 3609 qrrem
864 3536 1038 3604 eorttagerat,
1054 3535 1132 3590 vellet
1148 3534 1237 3603 oppri-

446 3649 521 3692 ttrcre
535 3649 610 3699 enan,
625 3646 704 3703 quem
721 3638 810 3700 posset
822 3629 856 3684 de
876 3629 961 3682 ricino
973 3626 1077 3682 hostem
1094 3626 1200 3690 hahere,
1214 3626 1236 3680 si

442 3729 550 3782 sairam
569 3724 706 3780 servaret?
721 3721 814 3776 Tirnrit
832 3733 854 3776 et
869 3722 957 3785 illam,
975 3730 1008 3785 et,
1024 3721 1093 3775 sieut
1110 3721 1236 3789 seriptum

441 3824 496 3876 eal,
512 3813 618 3867 mutarit
635 3810 728 3865 auitam
741 3825 816 3863 saara
834 3824 917 3862 coram
932 3808 1003 3874 ipsis,
1021 3816 1043 3860 et
1058 3804 1199 3871 affectabat.
1215 3815 1238 3858 et

442 3903 635 3980 tgraprarriaubut
655 3902 688 3955 ad
702 3900 767 3956 ostia
777 3901 895 3966 civitatis,
909 3907 931 3953 et
944 3897 1067 3970 ferebatur
1080 3899 1105 3951 in
1124 3898 1237 3952 nuruibur

432 3997 510 4062 ab,
521 4005 547 4050 et
558 3991 701 4063 procidebat
711 3992 745 4044 ud
757 3991 820 4044 ostia
833 4000 921 4061 porta,
935 3999 957 4042 rt
971 3988 1056 4042 saliere
1066 3988 1238 4042 elircarreboat

439 4104 524 4159 saper
537 4084 640 4142 tertona
656 4086 719 4157 ejas.
739 4084 808 4137 vtdtr
819 4098 880 4139 eant
892 4097 938 4135 rea
952 4082 993 4135 ille
1007 4081 1074 4151 apud
1086 4097 1163 4150 anem
1179 4082 1239 4135 late·

429 4173 501 4245 hl,
514 4188 543 4235 et
555 4179 593 4233 ait
605 4178 659 4231 suis
674 4192 681 4229 τ
699 4174 792 4243 Utrptr'tl
802 4174 862 4226 nrt'hi
877 4173 1033 4242 arreptitium
1043 4173 1118 4225 istrnn
1130 4171 1239 4224 adelari-

431 4263 516 4328 'nter
535 4267 717 4339 aautpnidaanr
728 4267 866 4319 iatrataraa
881 4273 915 4317 ert
928 4263 954 4315 in
974 4262 1077 4315 domam
1093 4262 1192 4315 ineam?
1206 4261 1239 4314 ta

444 4361 486 4419 sie
504 4361 581 4416 illam
603 4358 703 4413 dittrisit
723 4356 864 4427 projiciens
885 4354 960 4408 illum
975 4369 980 4404 :
997 4361 1023 4407 et
1044 4353 1153 4405 recessit
1178 4350 1239 4405 ntde

446 4453 530 4510 nant
542 4451 682 4507 toeottmie
693 4465 741 4519 per
753 4449 828 4502 istam
839 4446 1020 4517 liguratiouem
1035 4443 1130 4497 luroris
1141 4441 1161 4511 (l
1175 4441 1237 4512 lleg.

447 4553 514 4609 ara,
530 4557 603 4606 arnt,
617 4536 672 4606 x'rr,
691 4555 744 4601 ιιι,
757 4539 851 4602 ttt-t5;
867 4551 929 4601 xxa,
948 4537 985 4609 l).
1000 4534 1052 4589 Pro
1065 4534 1114 4588 ista
1129 4549 1192 4603 ergo
1207 4534 1222 4586 tr

432 4633 589 4704 'guntione
610 4615 706 4685 luroris
719 4623 839 4684 ιἰιΙοίιιτι
856 4626 888 4681 ad
904 4630 986 4696 ipsam
1007 4625 1142 4679 historiam
1160 4625 1240 4694 perti-

449 4727 514 4786 t'te're
527 4727 598 4799 quod
612 4726 654 4781 hic
666 4726 791 4793 seriptum
806 4732 847 4778 est
860 4739 866 4776 :
883 4720 1000 4774 Psnlarur
1014 4717 1103 4778 llaoid,
1116 4733 1173 4770 cturr
1184 4735 1240 4770 rrttr·

450 4822 510 4876 lach
521 4820 618 4875 eaitam
638 4833 710 4872 rratm
724 4831 808 4870 corant
821 4813 961 4867 dhitneleelt
975 4822 998 4865 rt
1015 4811 1108 4865 diritirit
1127 4825 1200 4875 eran,
1216 4823 1239 4866 rt

452 4909 521 4967 oter.
540 4910 594 4965 Sed
618 4910 661 4963 ille
682 4907 763 4962 dehis
785 4914 850 4968 erat,
879 4917 930 4969 uon
957 4902 1121 4957 atroneteetr.
1136 4902 1238 4957 Nomen

453 5001 522 5059 enirn
542 5001 628 5057 solrnn
652 5015 704 5052 aron
726 4996 831 5050 ridetur
855 4994 997 5048 rorarenire
1012 5012 1017 5044 :
1032 5008 1093 5047 nam
1110 5007 1151 5047 res
1166 5005 1238 5063 gesta

454 5107 535 5163 prope
553 5091 618 5161 ipsis
633 5087 722 5143 rerbls
743 5088 840 5155 pariter
859 5085 992 5155 designata
1008 5092 1048 5138 est
1064 5084 1090 5136 in
1111 5083 1237 5149 Psalmis,

454 5185 546 5256 grribtrs
555 5181 653 5253 seripta
665 5190 705 5235 est
717 5181 742 5233 in
755 5180 905 5250 llegnnrum
917 5177 994 5231 libro.
1010 5175 1072 5230 ldeo
1086 5177 1168 5247 magis
1182 5193 1238 5229 rno-

454 5291 515 5336 rere
525 5288 574 5330 nos
585 5274 666 5329 dehet
677 5273 708 5325 ad
720 5271 891 5342 ‹prtereudmn
904 5279 1113 5331 sacramentum,
1125 5270 1183 5337 rpda
1197 5286 1240 5322 no-

456 5381 514 5422 men
526 5373 658 5421 nrutatam
669 5371 719 5417 est.
735 5361 800 5416 Nam
812 5376 898 5432 neque
907 5360 969 5415 illud
984 5361 1041 5414 sine
1050 5374 1130 5415 eausa
1144 5361 1238 5412 laetrun

400 5515 402 5530 ,
452 5444 1240 5528 oet,t1aamrlssitiaetunr;sedquiaaliquidhgurabat:neque

400 5545 402 5560 '
453 5551 503 5607 litte
515 5552 574 5608 aine
586 5564 666 5606 eausa
680 5548 806 5615 seriptum
820 5545 875 5610 dst,
889 5553 917 5599 et
936 5545 1045 5599 nornine
1066 5551 1238 5598 eornntutato.

485 5641 514 5700 5.
535 5641 635 5697 tideus
648 5649 731 5699 rorte.
747 5639 853 5699 iratres,
870 5636 1074 5706 prolanditatem
1090 5650 1240 5689 sacramen-

450 5745 549 5791 tamen.
567 5735 594 5790 St
607 5748 660 5788 non
679 5741 720 5788 est
735 5732 761 5785 in
780 5728 923 5800 rrrpsterto,
937 5728 1007 5798 qrted
1023 5743 1036 5779 a
1054 5742 1136 5797 puero
1149 5725 1239 5783 (iulias

449 5829 555 5884 meires
565 5835 619 5892 est;
636 5842 688 5881 nort
700 5835 741 5880 est
753 5823 779 5878 in
793 5820 930 5893 mysterio,
945 5821 1007 5891 «pria
1022 5822 1169 5875 irruantarit
1181 5819 1240 5873 rul-

448 5933 506 5978 tem
522 5935 611 5982 suant,
626 5928 653 5974 et
664 5916 814 5977 aiiectalmt,
836 5921 862 5966 et
876 5911 1079 5981 tympanizabat,
1092 5921 1118 5966 et
1130 5911 1240 5964 calebat

478 6099 489 6130 ¹
502 6102 559 6144 ttae
570 6094 654 6141 rerba.
668 6101 713 6141 rra
721 6088 767 6138 isto
777 6099 834 6151 erpo
844 6082 994 6156 fiprtratr'eae,
1004 6085 1117 6136 omittunt
1129 6082 1240 6146 prienaee

447 6159 506 6208 tr-s.
516 6167 543 6207 er
552 6157 660 6208 liutem:
677 6154 772 6203 Videtur
783 6162 841 6215 erpo
851 6149 883 6198 ud
892 6160 980 6211 tpsttrtt,
992 6155 1039 6196 ere.

944 670 1140 731 manaurae
1158 671 1191 726 m
1210 667 1371 730 rstrrmtt
1391 634 1515 730 xxxta]

1283 787 1317 839 ad
1331 787 1397 840 entia
1411 788 1523 842 ciuitatis
1536 798 1562 842 et
1573 790 1605 844 ad
1616 792 1682 846 ostia
1693 802 1788 863 porta,
1801 805 1825 849 ct
1840 799 1929 854 satiras
1942 801 2069 858 der-urre-

1281 875 1344 930 baar
1358 893 1438 946 saper
1453 878 1560 935 harlmnt
1574 882 1641 951 ejus.
1656 884 1731 940 Unde
1744 888 1799 942 steri
1814 875 1942 957 potestur
1952 910 2004 949 rron
2017 896 2067 951 hoe

1282 967 1381 1038 aliquid
1395 969 1573 1038 signiticaret?
1583 975 1688 1043 aptando
1700 978 1806 1047 attidem
1820 994 1910 1050 aperte
1922 983 1986 1039 dicit
1996 988 2070 1058 Apo-

1282 1059 1366 1116 stolus
1382 1078 1388 1114 :
1406 1061 1560 1117 llteceatem
1573 1064 1598 1117 in
1611 1067 1693 1136 figura
1708 1070 1881 1141 contingebant
1892 1075 1961 1140 ttttr,·
1976 1079 2069 1148 scriptu

1279 1160 1339 1205 saal
1352 1160 1435 1206 antem
1445 1165 1546 1224 propter
1555 1173 1609 1218 aar,
1624 1157 1650 1210 itt
1662 1175 1725 1227 quoa
1736 1163 1793 1229 fiais
1801 1165 1950 1219 racalormn
1962 1168 2069 1225 obvertit.

1282 1241 1310 1295 st
1328 1243 1392 1295 nibil
1412 1244 1543 1316 signifieat
1564 1262 1680 1316 manna,
1703 1249 1736 1304 de
1750 1267 1803 1322 qrto
1816 1253 1880 1308 dicit
1898 1258 2066 1324 Apostolus:

1282 1331 1318 1387 Et
1332 1333 1413 1387 ridant
1428 1336 1585 1405 spiritualem
1598 1342 1808 1403 manducaverant
1828 1360 1837 1400 .·
1854 1347 1876 1401 si
1889 1348 1953 1403 nihil
1969 1350 2072 1422 signid-

1283 1424 1405 1493 catquod
1421 1424 1534 1481 diuisum
1548 1438 1591 1484 est
1600 1447 1683 1496 mare,
1697 1444 1724 1488 et
1739 1450 1787 1503 per
1796 1437 1911 1494 medium
1924 1440 2020 1498 ductus
2029 1456 2070 1500 est

1282 1513 1406 1582 populas,
1423 1525 1449 1568 ut
1460 1517 1605 1573 eraderent
1617 1525 1826 1590 persecutionem
1841 1527 1997 1600 Pharaonis,
2010 1549 2070 1589 euru

1284 1602 1354 1658 dieat
1366 1604 1510 1674 apostotos
1527 1627 1533 1660 ι
1550 1609 1618 1665 Nolo
1630 1613 1697 1666 eninr
1706 1630 1749 1669 ror
1761 1616 1887 1687 ipnorare,
1898 1625 1998 1690 fratrer,
2013 1627 2072 1694 pain

1285 1704 1367 1762 patres
1384 1698 1462 1750 nostri
1471 1715 1556 1754 omnes
1569 1700 1614 1755 aab
1629 1704 1694 1759 arabe
1706 1707 1816 1777 premat,
1831 1720 1855 1764 et
1866 1728 1950 1767 oarrrer
1964 1715 1991 1769 in
2002 1715 2073 1788 Mop-

1284 1802 1327 1840 aea
1337 1786 1524 1859 doptiwtisaat
1534 1792 1559 1845 in
1573 1793 1636 1848 rtabe
1651 1805 1673 1849 et
1689 1798 1714 1850 in
1729 1800 1793 1853 arari
1802 1815 1813 1855 :
1827 1802 1849 1856 si
1867 1803 1932 1860 nihil
1943 1806 2072 1876 signifieat

1284 1879 1354 1947 qtred
1366 1894 1491 1948 pereussa
1503 1895 1576 1952 petra
1585 1901 1651 1955 atprta
1662 1889 1799 1957 proilutit,
1810 1909 1870 1948 eum
1881 1893 1952 1952 dicat
1961 1899 2074 1968 Aposto-

1285 1970 1327 2025 hts
1343 1989 1350 2026 ι
1367 1970 1443 2026 Petra
1453 1985 1536 2031 natent
1548 1988 1600 2030 erat
1613 1977 1727 2036 Christos
1742 1981 1763 2052 (Ι
1776 1982 1834 2039 Cor.
1849 2002 1877 2049 x,
1891 1988 1941 2053 ll,
1959 1988 2013 2061 Η)
2028 2007 2035 2044 :
2051 1993 2074 2047 sl

1286 2076 1349 2131 ergo
1364 2061 1408 2116 illa
1422 2063 1486 2118 nihil
1498 2066 1656 2136 significant,
1668 2072 1788 2139 rpuamris
1802 2074 1937 2146 siutgesta
1952 2097 1959 2134 ε
1973 2080 1994 2135 si
2009 2081 2073 2135 nibil

1286 2151 1400 2222 denirpre
1420 2154 1569 2226 sigtrilleant
1590 2156 1643 2213 duo
1659 2160 1704 2214 tttit
1725 2162 1838 2229 Abrahe
1854 2167 1908 2221 uati
1928 2171 2073 2229 secandum

1285 2244 1406 2300 ordinem
1421 2248 1545 2302 nascendi
1559 2248 1711 2316 homiuum,
1725 2264 1752 2308 et
1768 2265 1856 2312 tattten
1873 2258 1944 2328 ipsos
1962 2259 2029 2315 dans
2045 2261 2075 2315 tt-

1287 2335 1336 2390 lios
1349 2336 1402 2391 duo
1415 2335 1584 2395 Testamenta
1596 2343 1713 2411 appellat
1728 2348 1880 2414 Apostolus,
1893 2348 1974 2406 l'erus
1983 2360 2011 2407 et
2022 2352 2075 2407 tto-

1287 2441 1361 2489 runt,
1376 2437 1402 2482 et
1414 2427 1478 2483 dicit
1492 2447 1499 2483 ι
1517 2429 1579 2486 ilar
1594 2447 1653 2487 ruat
1666 2434 1717 2490 duo
1729 2435 1902 2506 Teatanrerrto,
1914 2459 1970 2512 prroe
1981 2454 2039 2499 snat
2048 2447 2074 2499 ia

1287 2518 1408 2590 allegoria
1423 2520 1501 2589 (Gal.
1516 2538 1542 2577 rr
1552 2567 1560 2589 ,
1572 2525 1645 2596 hl):
1664 2528 1686 2582 si
1700 2544 1763 2600 ergo
1778 2531 1820 2586 illa
1835 2533 1901 2590 nihil
1915 2536 2073 2607 signiheant,

1287 2611 1454 2679 praevidetis
1468 2616 1624 2674 auctoritate
1633 2620 1776 2688 apostoliea
1793 2623 1818 2676 in
1832 2627 1959 2696 mysterio
1973 2625 2076 2684 itaera-

1288 2717 1345 2754 ratu
1359 2692 1447 2757 rerum
1460 2714 1533 2774 gesta
1544 2721 1621 2770 esse:
1636 2709 1764 2766 debemus
1774 2713 1898 2770 arbitrari
1916 2716 1979 2772 nihil
1993 2719 2076 2790 signi-

1289 2792 1367 2848 ficare
1374 2796 1453 2849 etiam
1464 2790 1513 2851 line
1521 2799 1590 2867 qrrud
1600 2799 1711 2856 robisex
1720 2802 1787 2858 libro
1796 2804 1946 2875 hegisurum
1954 2808 1987 2864 de
1994 2810 2075 2865 David

1287 2885 1366 2953 paulo
1376 2899 1436 2940 anre
1451 2889 1565 2942 rrarrari.
1577 2889 1633 2943 Non
1648 2907 1711 2962 ergo
1726 2892 1789 2948 nihil
1804 2895 1950 2965 signitieat,
1964 2909 1993 2954 et
2005 2903 2075 2970 eputrd

1288 2990 1385 3029 nomen
1400 2986 1528 3032 ututatum
1539 2990 1580 3034 est
1591 2991 1635 3047 ,et
1646 2982 1745 3037 dietttm
1759 2995 1799 3038 est
1808 3001 1893 3040 coram
1903 2987 2045 3045 dbimelectr
2055 2995 2074 3043 ¹.

1323 3069 1350 3122 l.
1371 3067 1500 3126 latendite
1518 3088 1632 3128 meeum.
1646 3074 1741 3132 Omnia
1754 3078 1824 3134 enim
1842 3096 1901 3151 arrae
1915 3083 1970 3139 dixi
1985 3085 2075 3149 madet,

1287 3160 1362 3229 quaesi
1375 3161 1408 3215 ad
1421 3177 1528 3218 manum
1539 3165 1669 3235 pertinent
1680 3169 1817 3237 pulsantis,
1828 3173 1944 3231 nondum
1955 3186 2075 3245 apertum

1288 3262 1338 3307 est.
1367 3252 1554 3323 Pulsauimus,
1581 3271 1641 3312 eum
1670 3259 1720 3314 ista
1749 3260 1918 3330 diecremtrs;
1950 3266 2075 3336 pulsastis¹

1288 3350 1315 3397 et
1336 3359 1393 3407 uos,
1409 3360 1470 3398 emn
1490 3346 1539 3400 ista
1558 3347 1685 3406 audiretis
1706 3368 1714 3403 ε
1734 3353 1821 3409 adhuc
1840 3355 1976 3425 pulsemus
1994 3373 2076 3414 orari-

1287 3431 1333 3494 dn,
1351 3443 1380 3487 ιιι
1401 3433 1527 3490 bantinus
1545 3438 1646 3508 aperiat
1666 3440 1776 3497 nobis¹.
1800 3443 1940 3502 Nuntiuum
1961 3447 2077 3506 hebraeo

1289 3542 1347 3580 rum
1371 3528 1497 3583 habemus
1517 3530 1764 3602 interpretationem
1781 3553 1788 3589 r
1804 3554 1856 3594 uem
1870 3539 2010 3597 defuerant
2026 3542 2078 3599 du·

1289 3618 1324 3672 eti
1337 3619 1396 3683 riri,
1411 3621 1454 3691 qui
1477 3622 1554 3677 nobis
1571 3626 1676 3679 nomina
1690 3642 1723 3681 ex
1737 3628 1843 3684 hebreo
1861 3631 1888 3685 in
1905 3649 2019 3700 graecam
2033 3636 2078 3691 liu·

1287 3700 1366 3779 guam
1380 3754 1386 3774 ‚
1402 3722 1430 3767 et
1444 3712 1505 3769 inde
1528 3715 1553 3769 in
1580 3716 1687 3773 latinam
1704 3720 1886 3778 transferrent.
1901 3724 2078 3784 consulentes

1289 3817 1352 3872 ergo
1368 3804 1473 3858 nemina
1489 3806 1550 3872 ista,
1568 3808 1720 3866 inrertimtrs
1733 3813 1899 3882 interpretari
1912 3816 2077 3883 dbitneleeh,

1290 3892 1375 3947 Patris
1389 3896 1440 3951 rnei
1463 3913 1591 3968 regnum;
1605 3910 1632 3955 et
1645 3901 1813 3972 interpretari
1826 3904 1917 3973 deltis,
1939 3907 2078 3977 Quaurodn

1289 3996 1339 4041 est.
1354 3987 1416 4043 lhre
1432 3992 1538 4045 nomina
1552 3995 1730 4061 attendamus,
1745 3996 1807 4052 iude
1819 3999 1911 4067 incipit
1927 4000 2077 4072 nobisape-

1290 4079 1335 4134 riri
1350 4081 1524 4150 pulsantibus.
1545 4084 1572 4139 Si
1586 4086 1693 4154 guaris.
1711 4086 1779 4153 Quid
1799 4098 1841 4143 est
1855 4090 1956 4145 dehis?
1970 4107 2078 4163 respun-

1290 4170 1376 4229 dctur.
1392 4172 1530 4240 Quomodo
1542 4185 1592 4229 est.
1605 4175 1742 4242 Quonmdo
1756 4187 1806 4242 est,
1822 4180 1931 4235 rerbmn
1946 4182 2080 4239 estatlmi·

1291 4262 1383 4326 retritis,
1399 4273 1426 4317 et
1439 4277 1491 4317 raon
1506 4264 1687 4336 intelligentis.
1701 4267 1867 4335 Abimeleeh,
1880 4270 1966 4326 Patris
1977 4276 2028 4329 mei
2040 4291 2079 4330 re·

1290 4367 1391 4419 grttrnr:
1410 4354 1501 4413 ttae-id,
1521 4354 1598 4410 blaau
1615 4356 1699 4409 tortis.
1715 4358 1744 4412 lu
1760 4358 1842 4429 srgura
1856 4359 1954 4416 Christi
1975 4364 2076 4440 David,

1290 4442 1359 4495 sieut
1372 4442 1461 4500 Golias
1474 4444 1500 4497 in
1515 4446 1595 4514 ligura
1611 4445 1709 4501 diaboli
1724 4466 1730 4500 :
1745 4458 1773 4504 et
1786 4450 1856 4519 ouem
1871 4451 1951 4507 llarid
1967 4467 2081 4525 prostra-

1293 4533 1328 4585 rit
1347 4533 1460 4599 Goliam,
1474 4534 1596 4591 Christus
1616 4546 1658 4592 est
1676 4539 1721 4609 qui
1737 4541 1833 4595 oceidit
1851 4539 1996 4600 diabolum.
2010 4547 2078 4615 Quid

1291 4612 1332 4679 e'st
1350 4635 1437 4680 autem
1457 4626 1578 4682 Christus
1597 4629 1642 4698 qui
1662 4629 1797 4686 diabolum
1812 4634 1925 4690 cecidit?
1941 4636 2081 4694 llumiliers

1291 4715 1388 4770 oceidit
1407 4716 1569 4786 superbiant.
1585 4716 1650 4772 Corn
1664 4734 1728 4791 ergo
1740 4719 1875 4777 Christum
1889 4726 2008 4791 nantino,
2024 4728 2078 4781 lra-

1293 4819 1346 4862 tres
1356 4809 1418 4874 mei,
1429 4809 1542 4864 manime
1553 4810 1629 4866 nobis
1637 4811 1770 4868 lunuihtas
1778 4816 1989 4873 commendatur.
2003 4817 2077 4876 Vianr

1292 4897 1362 4952 enirn
1383 4899 1459 4954 nobis
1482 4898 1546 4955 lecit
1564 4916 1612 4970 per
1630 4902 1807 4960 hmnilitatem
1822 4923 1828 4958 ι
1844 4906 1905 4976 qnia
1925 4924 1971 4975 per
1990 4925 2080 4980 super·
2174 4927 2177 4940 ¹

1293 4988 1361 5042 biam
1373 5004 1571 5046 recesseramus
1586 4992 1675 5058 allec,
1690 4994 1776 5048 redire
1788 4994 1821 5048 ad
1835 5010 1896 5049 eam
1910 4998 1960 5052 nisi
1975 5014 2021 5068 per
2034 5001 2081 5056 ba·

1293 5080 1429 5135 ruditatem
1445 5097 1497 5137 uon
1512 5094 1674 5153 poteramus,
1688 5093 1715 5138 et
1731 5100 1808 5154 qrrem
1822 5086 1898 5142 nobis
1916 5103 2082 5169 praeponerg·

1293 5188 1351 5225 nttrs
1361 5173 1393 5227 ad
1403 5174 1569 5237 imitandam,
1581 5189 1633 5228 non
1646 5174 1817 5228 habebamus.
1827 5174 1920 5231 Omnis
1931 5179 2001 5233 enim
2013 5198 2081 5236 uror·

1272 5267 1381 5323 'editas
1400 5266 1536 5322 hominnm
1558 5265 1686 5337 superbia¹
1698 5276 1839 5325 tumuerat.
1860 5270 1933 5326 Etsi
1955 5274 2082 5335 existeret

1293 5359 1503 5429 aliquishumilis
1511 5359 1551 5413 rir
1560 5359 1584 5411 in
1593 5359 1698 5428 spirisse,
1710 5360 1861 5416 sienterant
1872 5363 2021 5434 Propheta,
2030 5368 2082 5421 Pa·

1294 5450 1425 5513 utarctra,
1434 5448 1870 5519 dedignabaturgenushurnanum
1885 5455 1981 5511 imitari
1995 5458 2081 5513 immi.-

1294 5539 1470 5595 leshnmines.
1484 5539 1522 5594 Nc
1532 5556 1596 5610 ergo
1605 5540 1792 5612 dedignaretur
1801 5543 1880 5599 homo
1893 5546 1989 5603 imitari
1999 5550 2082 5604 hom·

1294 5630 2082 5708 nemlrumilent,lteusiaetusestlmmilis,utuelsirsuperbia

1293 5723 1398 5793 generis
1417 5720 1523 5776 humani
1538 5738 1590 5778 non
1603 5722 1791 5796 dedignaretur
1808 5729 1881 5798 serpri
1897 5731 2005 5801 restigia
2023 5731 2082 5787 Ilei.

1329 5815 1355 5870 5.
1377 5814 1440 5869 Erat
1462 5824 1568 5879 autem,
1584 5823 1614 5869 ut
1627 5817 1726 5884 nostis,
1751 5820 1908 5874 sacrificinm
1930 5821 2081 5877 Judmorma

1294 5916 1370 5962 antea
1381 5907 1527 5962 seeundum
1541 5907 1661 5963 ordinem
1675 5912 1763 5966 Aaron
1777 5911 1803 5966 in
1818 5911 1929 5968 rictimis
1943 5929 2078 5983 meorum,

1327 6023 1335 6054 ¹
1348 6028 1384 6070 Er.
1397 6030 1422 6071 et
1433 6028 1499 6078 ton,
1518 6029 1544 6071 et
1555 6024 1619 6083 ruod
1637 6023 1676 6073 hic
1694 6024 1786 6075 dietam
1800 6032 1834 6076 ert
1846 6037 1927 6075 coram
1941 6027 2082 6088 abimelech,

1295 6085 1332 6147 (rt
1343 6084 1452 6143 addunt),
1463 6083 1496 6132 r'ttt‘
1507 6097 1588 6133 eor-mn
1601 6085 1669 6134 rrhia
1683 6098 1691 6135 :
1704 6090 1767 6150 quot
1778 6101 1791 6135 a
1804 6096 1856 6135 stas.
1866 6090 1943 6136 abest.

1327 6149 1337 6176 ¹
1349 6153 1412 6206 tiss,
1424 6146 1514 6196 orando
1526 6155 1549 6196 at
1558 6147 1649 6208 reperiat
1665 6152 1783 6211 :oru'tsm
1795 6147 2003 6203 tmnrhrrtsnphir.
