5025 6925
502 674 554 734 tta
653 707 659 714 ·

500 793 554 851 seo
569 788 791 865 tqtrcmadmndam
803 785 854 850 sul,
869 784 1061 853 malespinae,
1076 795 1166 842 muros,
1179 787 1289 849 vegetos

502 889 584 944 burres
599 882 717 949 babenti,
732 878 889 947 tranquillus
900 886 1018 947 apparet,
1036 876 1062 929 in
1086 873 1179 930 oertios
1199 881 1289 925 arrtem

502 981 588 1050 lippus
601 978 676 1046 quasi
691 973 744 1030 tela
769 986 863 1043 aspera
884 971 1015 1040 jactrlatnr
1030 985 1037 1035 ;
1053 968 1199 1022 intuentem
1215 964 1288 1018 illum

502 1078 614 1141 vegetat,
626 1065 847 1128 iruncexcrueiat,
857 1076 909 1116 uon
920 1069 1047 1124 mutatus,
1058 1058 1105 1114 scd
1117 1065 1245 1111 mtrtatum
1262 1054 1288 1106 ¹:

501 1164 540 1228 pc
551 1177 612 1217 cnm
625 1160 740 1230 emperie
755 1172 814 1214 csse
827 1139 978 1225 perversus,
994 1161 1020 1207 et
1033 1152 1078 1208 tibi
1102 1151 1172 1205 bens
1187 1163 1290 1219 perrer-

500 1272 546 1311 sus
559 1254 692 1310 uidebitur
703 1268 711 1315 ;
721 1262 748 1306 ιιι
760 1260 875 1305 inritatus
897 1262 935 1311 cs,
962 1261 1014 1300 non
1029 1246 1082 1299 iilo.
1098 1244 1228 1312 Eritergo
1243 1235 1289 1296 tibi

499 1360 590 1415 prena,
606 1344 675 1415 quod
686 1342 762 1399 bouis
783 1339 916 1411 gaudium.
929 1338 984 1393 lloc
992 1337 1042 1392 iste
1063 1333 1193 1400 recolens,
1208 1332 1291 1397 Quam

459 1445 461 1449 '
500 1437 589 1499 lanus,
605 1434 701 1505 inquit.
714 1433 780 1487 deus
793 1430 876 1485 lsrael
888 1426 1064 1483 reetircurdc!

536 1527 564 1584 8.
574 1524 586 1600 ί
595 1543 660 1581 serr.
671 1522 721 1597 2]
735 1523 899 1592 Qnidautern
914 1519 959 1575 tibi
972 1519 984 1570 i
999 1518 1210 1584 lleiuntnrtpene
1221 1530 1292 1569 eom-

500 1620 562 1673 steti
571 1628 630 1672 sunt
642 1616 727 1688 pedes.
749 1612 861 1682 eraudo
886 1609 1011 1666 commoti
1038 1616 1101 1661 sunt
1123 1605 1215 1676 pedes,
1240 1604 1290 1659 nisi

500 1710 609 1781 quaudo
623 1722 676 1763 aaa
685 1714 742 1761 erat
757 1713 858 1759 rectum
868 1702 937 1756 car?
951 1700 1027 1756 Unde
1049 1713 1102 1752 aua
1117 1706 1175 1753 erat
1189 1705 1290 1751 rectum

501 1801 570 1855 cari
584 1800 669 1855 dudi:
685 1796 864 1852 Paulu'minur
873 1792 1013 1860 effutirent
1023 1806 1123 1862 mertens
1136 1790 1192 1843 mei.
1214 1787 1289 1854 Quod

499 1877 578 1951 dixit.
601 1905 683 1960 pum
697 1888 748 1942 bac
767 1886 844 1949 dixit,
865 1883 941 1955 paula
966 1883 1108 1936 mirrur:et
1131 1878 1201 1948 quad
1213 1879 1290 1944 dixit,

501 1998 565 2053 pene
579 1982 639 2034 ntoti
650 1988 709 2035 suut
720 1977 814 2046 pedes:
828 1974 879 2029 ltac
898 1973 974 2032 dixit,
999 1970 1073 2038 effusi
1099 1979 1157 2025 tunt
1179 1984 1289 2040 mestuus.

501 2076 573 2132 Pone
587 2072 651 2127 nroti
673 2079 735 2125 sum
749 2068 840 2139 pedes,
854 2080 922 2135 ponc
931 2063 1006 2118 effusi
1022 2069 1084 2117 sunt
1097 2074 1214 2131 gressus.
1226 2058 1292 2113 dieti

503 2166 578 2239 pedes
593 2182 603 2219 .·
616 2164 662 2219 sed
677 2162 757 2226 uude,
771 2161 832 2214 mati
843 2158 929 2227 pedes,
954 2165 977 2210 et
997 2153 1070 2221 elinii
1094 2169 1194 2224 pressus
1207 2151 1292 2205 idioti

502 2258 588 2329 peden,
599 2256 631 2312 ad
646 2254 788 2311 errandum
803 2269 811 2316 ;
835 2250 909 2317 eliud
926 2264 1036 2320 premar.
1051 2245 1084 2301 ad
1105 2247 1225 2315 lapsum3
1238 2259 1291 2298 aon

501 2346 678 2411 emniumsed
693 2362 764 2416 pene.
778 2342 846 2412 Quid
862 2342 932 2397 enim
947 2338 1081 2395 esiliam
1094 2337 1200 2393 ibamin
1215 2351 1291 2391 erro·

501 2456 571 2505 rem,
586 2453 639 2493 aon
655 2438 737 2491 ieram
753 2435 827 2504 :jam
850 2431 987 2494 cadclmm,
1001 2445 1054 2485 aon
1079 2427 1240 2484 cecideram.

537 2532 565 2587 9.
577 2528 587 2603 [
600 2546 664 2585 aaa.
675 2526 726 2616 5.]
741 2526 794 2583 Sed
807 2525 945 2595 quercet·
960 2522 1009 2577 boc
1024 2522 1036 2576 ‘l
1059 2521 1126 2589 Quia
1149 2520 1238 2585 mavi,
1251 2519 1292 2573 in-

500 2624 569 2695 quit,
585 2619 801 2689 inpercateriias,
809 2633 896 2684 pacem
907 2623 1063 2685 peccatorum
1076 2614 1184 2667 intuens.
1200 2614 1294 2667 Atten-

501 2716 528 2771 di
551 2722 723 2787 peecatorem
738 2709 791 2764 ridi
814 2708 874 2764 illos
899 2707 998 2762 babere
1020 2720 1123 2776 pacem.
1137 2703 1220 2771 Quam
1244 2718 1292 2773 pa-

501 2807 580 2863 cem?
592 2804 787 2875 Temporalem,
799 2801 907 2866 duram,
918 2798 1043 2855 caducam
1054 2808 1134 2868 atque
1142 2806 1273 2852 terrenam
1284 2813 1291 2861 ;

501 2899 550 2955 sed
565 2908 653 2953 tamen
663 2895 860 2966 talemqualem
871 2903 898 2949 οι
917 2907 996 2963 egea
1022 2891 1076 2946 Deo
1097 2889 1291 2946 desiderabam.

502 2989 561 3045 viat
575 2988 636 3045 illos
650 2987 748 3043 babere
771 2985 815 3056 qui
836 2999 888 3039 uon
909 2982 1062 3039 serviebant
1079 2981 1144 3046 Deo,
1160 2979 1230 3051 quud
1243 2996 1293 3051 ego

502 3081 686 3138 desiderabam
697 3089 727 3134 ut
737 3078 864 3135 servirem
871 3077 940 3142 lieo;
953 3086 981 3132 et
990 3075 1055 3131 moti
1064 3081 1127 3130 suat
1136 3073 1216 3144 pedes
1227 3072 1291 3136 mei,

502 3188 529 3234 et
544 3192 612 3247 pene
621 3175 697 3232 ellusi
711 3183 772 3229 sum
782 3186 890 3244 gressus
899 3171 962 3226 mei.

539 3268 582 3323 to.
591 3265 666 3339 [uera
683 3265 716 3329 i,
729 3263 768 3338 5.]
780 3264 868 3334 Quare
881 3272 969 3318 autem
988 3260 1039 3317 ltoc
1061 3260 1160 3316 lrabertt
1172 3272 1294 3330 poemia-

501 3375 556 3424 res,
566 3358 631 3414 dicit
642 3357 758 3413 breuiter
771 3374 778 3410 ι
801 3354 868 3421 erie
880 3370 931 3409 nea
940 3363 976 3408 est
983 3352 1118 3408 manuario
1131 3353 1218 3407 umetis
1228 3352 1239 3384 ⁸
1251 3368 1295 3407 ee-

501 3466 577 3514 rtum:
591 3457 614 3503 et
628 3447 812 3518 firmamentum
833 3445 860 3500 in
878 3443 981 3517 planella
1001 3460 1097 3499 earurrr.
1112 3442 1145 3498 ln
1168 3442 1293 3498 lalrorilrua

502 3538 631 3594 bominum
639 3553 689 3591 nan
696 3545 766 3601 sunt,
777 3544 800 3590 οι
811 3551 868 3590 cunr
875 3534 1016 3589 bantiniitts
1023 3550 1073 3588 nort
1085 3534 1292 3605 piapellaluutur.

501 3629 560 3685 lam
576 3626 703 3690 intellexi,
716 3625 812 3697 inquit,
823 3640 906 3696 qnare
920 3625 956 3680 illi
969 3624 1066 3680 babent
1079 3640 1181 3695 pacem,
1201 3634 1229 3680 et
1242 3624 1293 3678 du-

502 3720 597 3776 rentia
610 3729 697 3785 turra;
712 3718 773 3789 qnia
785 3718 864 3774 morti
880 3732 973 3772 eorum
997 3732 1050 3771 non
1071 3726 1114 3773 est
1138 3717 1289 3782 decimatio,

501 3808 593 3874 idest,
607 3809 668 3879 quia
682 3817 754 3863 certa
773 3822 845 3862 mors
856 3815 884 3863 et
898 3815 996 3862 aeterua
1006 3821 1053 3862 cos
1065 3815 1230 3878 manetque
1242 3824 1292 3864 acc

501 3901 617 3957 declinat
635 3898 670 3955 ab
681 3899 731 3963 eis,
741 3914 790 3954 nec
799 3898 848 3969 ipsi
861 3897 895 3953 ab
907 3896 1078 3954 eadecliaare
1090 3908 1210 3969 passum.
1225 3899 1292 3965 Quia

501 4010 553 4048 non
566 3992 744 4047 ertdeclinntio
755 3992 842 4047 mertis
854 4007 940 4046 eorum
950 4008 960 4056 ,·
970 3999 993 4045 et
1005 3991 1193 4060 firnramentum
1201 3993 1227 4047 in
1243 3994 1293 4062 ilu-

502 4085 568 4156 qelio
580 4102 674 4140 comm.
688 4084 721 4139 tu
733 4093 774 4140 est
788 4084 981 4139 firmamentum
1007 4084 1032 4138 iu
1057 4084 1159 4155 flagello
1178 4100 1291 4143 eorum:

504 4175 685 4231 rrmrestonim
696 4174 841 4246 temporale
855 4173 987 4245 flagellum
997 4189 1099 4239 eorum,
1116 4174 1164 4230 sed
1186 4175 1291 4231 sumum

502 4266 741 4334 insempitcrnum.
767 4265 877 4334 Propter
900 4263 957 4320 lure
984 4280 1048 4336 erqo
1068 4265 1137 4321 mala
1157 4282 1217 4336 quae
1239 4268 1292 4323 illis

502 4366 602 4411 aeterna
612 4356 778 4417 iutnrasnut,
793 4355 963 4426 arodoquid?
976 4354 1148 4411 inlationibus
1161 4358 1291 4412 terminum

502 4463 555 4502 non
566 4457 633 4510 scrut,
645 4457 668 4501 et
686 4465 742 4501 cum
754 4447 895 4503 lrurrriuilrus
913 4465 963 4503 non
978 4448 1185 4520 stupellaiunmr.
1207 4450 1291 4506 Nunt-

502 4535 565 4608 quid
578 4547 606 4591 οι
619 4536 675 4607 ipse
695 4537 815 4593 diabolus
829 4554 888 4592 enm
897 4538 1049 4595 hominibus
1062 4555 1115 4595 non
1131 4539 1289 4611 flagellatur,

502 4631 544 4686 cni
558 4639 645 4684 tamen
656 4641 783 4684 aetcrrnuu
798 4630 955 4699 strppiicium
966 4632 1150 4700 praeparatur?

539 4721 582 4777 ll.
598 4718 685 4794 [uera¹
699 4719 725 4774 6.
739 4718 749 4792 ]
763 4717 905 4789 Propterea
916 4720 979 4789 quid
1006 4721 1067 4777 irinc
1087 4722 1139 4785 isti,
1163 4720 1225 4777 ditm
1236 4738 1289 4779 non

501 4810 675 4883 dapelbmtur,
687 4812 750 4867 dum
765 4827 817 4866 nun
828 4811 948 4867 laborant
961 4826 1020 4866 cum
1029 4813 1179 4868 bominibus
1190 4814 1203 4866 l
1215 4813 1289 4880 idea,

501 4904 593 4973 lnquit,
606 4903 763 4959 obtinuiteas
781 4902 905 4972 superbia.
929 4903 1043 4960 Attcade
1068 4905 1127 4960 illos
1149 4907 1289 4975 superbos,

502 4994 733 5066 indisciplinatos:
755 4997 863 5050 attende
887 5005 991 5050 taurum
1017 4996 1141 5052 darocam
1163 4999 1288 5065 uictimae,

502 5089 659 5156 permissum
668 5105 757 5146 errare
769 5089 861 5152 libere,
873 5099 900 5144 et
909 5098 1013 5144 vastare
1025 5105 1085 5161 quaa
1099 5100 1195 5161 potest,
1207 5109 1290 5162 usque

502 5176 534 5232 ad
548 5177 618 5232 diem
627 5181 777 5236 occisionis.
788 5179 846 5235 lam
868 5179 965 5236 bonum
989 5190 1040 5245 est,
1063 5180 1167 5248 iratres,
1183 5184 1209 5235 ia
1223 5183 1288 5251 ipsis

502 5267 641 5337 l‘ropbetm
662 5273 750 5328 uerbis
770 5274 910 5329 audiamus
936 5272 1005 5328 bunc
1024 5275 1099 5344 quasi
1124 5284 1226 5330 taurum
1254 5276 1289 5331 de

501 5376 555 5430 quo
568 5361 631 5416 dixi.
643 5363 764 5419 Sicenim
773 5366 845 5420 illurn
860 5376 886 5421 et
901 5364 962 5422 alibi
975 5365 1111 5436 Scriptura
1124 5382 1287 5423 commemo·

501 5459 559 5508 rat:
574 5451 638 5506 dicit
652 5466 698 5507 eos
711 5462 833 5523 tanquam
858 5457 891 5510 ad
907 5456 1042 5511 victimam
1064 5466 1234 5526 praeparatus,
1258 5467 1288 5513 οι

502 5545 574 5617 parci
588 5545 627 5599 eis
636 5543 668 5597 ad
684 5545 780 5599 malam
795 5546 943 5602 libertatem
956 5548 966 5618 (
981 5545 1057 5602 Prou.
1071 5563 1118 5613 ιιι,
1130 5547 1166 5602 m
1178 5547 1199 5620 ).
1213 5547 1286 5613 ideo,

485 5635 578 5712 putitiu,
592 5634 696 5688 obtinuit
709 5649 750 5686 eor
766 5637 891 5700 superbia.
904 5636 971 5704 Qnitl
983 5647 1034 5700 est,
1052 5638 1159 5691 obtinuit
1182 5655 1223 5692 eas
1244 5656 1288 5693 rn-

501 5726 611 5798 perdia?
628 5724 811 5779 circumamicti
825 5734 883 5779 runt
903 5727 1036 5796 iniquitate
1055 5739 1080 5783 et
1092 5730 1219 5800 impietate
1227 5748 1284 5784 arta.

492 5817 559 5885 ⁴Nou
574 5818 650 5883 dixit,
662 5817 723 5877 tacti
739 5835 746 5884 ;
761 5816 818 5884 sed,
832 5816 1023 5884 circumamicti,
1039 5820 1156 5891 undiquc
1167 5823 1285 5893 cooperti

532 5995 539 6022 ι
553 5999 617 6050 nas..
628 6004 674 6041 nm
685 5996 799 6049 nrutatm,
808 5990 852 6042 red
860 5995 942 6041 mutat.

532 6057 543 6086 ¹
554 6055 590 6102 sic
601 6060 636 6103 tr.
648 6063 675 6104 οι
684 6061 735 6104 tras.
748 6062 776 6103 ut
787 6061 852 6113 tan,
863 6053 906 6103 reti
914 6064 989 6116 quare
998 6052 1031 6101 ad
1039 6053 1092 6102 noe.

531 6116 642 6181 ’aliqum
650 6122 703 6166 aas.
716 6125 854 6169 mussanti-r
865 6117 1005 6180 praet'cruat,
1016 6115 1093 6166 rrtorti.

1056 677 1073 696 ·'
1100 664 1129 721 S.
1149 660 1332 724 antiust'tst
1350 659 1500 716 bristout

2080 663 2137 721 stt

1344 775 1479 846 impietate
1498 791 1556 831 sua.
1579 776 1673 833 ilarito
1692 777 1781 856 miseri
1794 792 1844 835 nee
1858 778 1959 841 rident,
1978 779 2137 836 meiana

1343 875 1394 932 tur,
1409 868 1470 937 quia
1486 868 1676 925 circumamicti
1690 882 1761 934 strat,
1776 886 1825 926 nec
1851 873 1976 927 ridentur
1994 874 2136 930 interiora

1342 973 1444 1013 currunt.
1460 958 1526 1014 llam
1539 960 1660 1030 quisquis
1672 962 1801 1016 malorum
1817 961 1964 1025 iroraiunra,
1986 966 2064 1035 quasi
2075 966 2136 1019 teli·

1342 1050 1412 1103 cium
1425 1050 1570 1105 secundnm
1586 1061 1700 1121 tempus,
1714 1053 1839 1109 initeriara
1852 1056 2044 1125 corispiccret;
2061 1060 2136 1127 quis·

1342 1148 1400 1217 quis
1413 1163 1505 1203 eurum
1517 1148 1616 1204 rideret
1632 1159 1720 1206 truces
1732 1151 1928 1215 censcientias,
1941 1149 2067 1221 quisquis
2078 1151 2136 1204 aui·

1342 1253 1400 1294 mas
1413 1255 1504 1294 mirum
1519 1250 1609 1309 posset
1629 1242 1760 1312 inspicere
1778 1241 1940 1297 dit-erberari
1968 1242 2051 1295 tantis
2076 1255 2136 1309 per-

1343 1330 1535 1386 turbationibus
1561 1331 1732 1400 cupiditatum
1758 1341 1786 1387 οι
1799 1333 1936 1395 timorum,
1955 1331 2062 1387 rideret
2077 1331 2135 1387 illis

1312 1468 1316 1482 ,
1341 1420 1463 1483 miseros.
1475 1421 1858 1491 etquandoielieesrocantur.
1869 1420 2133 1494 Sodqrriaciresme·

1342 1513 1411 1566 micti
1424 1523 1483 1568 snat
1503 1514 1633 1578 inienuitate
1655 1525 1680 1570 et
1705 1516 1832 1586 impietate
1861 1532 1918 1580 sua,
1943 1515 2133 1577 conrident:

1342 1598 1390 1658 scd
1406 1618 1455 1658 nec
1466 1604 1597 1659 videntur.
1614 1605 1728 1661 Noverat
1750 1608 1812 1663 iilos
1824 1607 1938 1678 Spiritus
1965 1608 2012 1677 qni
2031 1607 2068 1663 de
2081 1607 2134 1664 iliis

1343 1694 1392 1749 ista
1406 1694 1471 1750 dicit
1483 1712 1490 1760 ;
1504 1706 1530 1750 et
1543 1712 1576 1751 oo
1595 1698 1674 1751 oculo
1686 1699 1751 1753 tales
1765 1698 1902 1755 debeams-
1917 1700 2065 1769 inspicere,
2080 1714 2131 1769 qao

1343 1786 1441 1841 sciturus
1455 1787 1555 1854 ridere,
1571 1790 1679 1845 sinubis
1702 1790 1836 1847 auicratur
1858 1791 1892 1847 ab
1904 1792 1990 1847 oculis
2009 1802 2134 1863 oeprtmerr

1343 1876 1496 1945 impietatis.
1514 1878 1655 1935 Videamus
1677 1882 1743 1936 istos
1755 1897 1762 1945 ;
1775 1891 1802 1936 et
1822 1896 1883 1936 cum
1898 1881 1990 1937 felices
2009 1893 2084 1943 smtt.
2097 1882 2134 1936 iu-

1343 1970 1461 2039 pisanum
1473 1980 1501 2025 οι
1513 1987 1574 2026 οιιιιι
1599 1971 1691 2028 ielices
1711 1984 1782 2039 sant,
1806 1988 1858 2027 aon
1886 1974 2046 2029 imitemur:
2062 1990 2134 2029 neca

1344 2062 1456 2117 Domina
1467 2063 1521 2118 Deo
1532 2073 1623 2118 nasim
1636 2066 1698 2119 talia
1712 2065 1789 2121 nobis
1802 2081 1850 2133 pro
1860 2081 1959 2135 niagno
1968 2076 2097 2136 optemus
2114 2069 2132 2122 ¹.

1343 2157 1429 2226 qualia
1445 2156 1566 2226 accipere
1578 2139 1733 2213 mernerunt
1746 2159 1790 2228 qni
1800 2158 1835 2212 illi
1851 2174 1903 2213 tauri
1912 2158 2045 2212 serviunt.
2058 2158 2135 2213 anua

1343 2248 1468 2317 quiddam
1491 2258 1580 2303 servat
1593 2266 1601 2313 ;
1615 2249 1686 2305 aliud
1706 2249 1912 2305 desiderandum
1935 2261 1980 2305 est
1993 2267 2000 2303 ι
2012 2248 2078 2319 qnid
2103 2252 2136 2303 sit

1344 2348 1443 2402 autent,
1460 2340 1560 2395 audite.

1380 2428 1423 2483 ta.
1444 2428 1519 2502 [aere.
1540 2429 1579 2503 7.]
1603 2430 1692 2486 Primo
1718 2431 1759 2486 isti
1782 2430 1978 2487 describantur.
2006 2430 2135 2507 Prodici*

1343 2521 1416 2591 quari
1430 2537 1461 2575 es
1471 2522 1546 2592 adipe
1558 2522 1676 2590 iniquitas
1691 2538 1786 2578 eorum.
1799 2523 1866 2578 viae
1880 2526 1902 2578 si
1917 2539 1971 2579 non
1985 2534 2081 2579 tartare
2094 2526 2136 2579 iile

1344 2616 1450 2682 agnitus
1466 2622 1517 2667 cst.
1540 2612 1654 2676 Audite,
1677 2614 1772 2668 iratres
1793 2629 1865 2669 :non
1884 2614 2136 2685 quomodocumque

1344 2705 1535 2761 transcundum
1558 2715 1600 2761 cst
1619 2706 1689 2777 quod
1704 2706 1789 2774 dixit,
1804 2706 1909 2761 Prediet
1926 2709 2002 2778 quasi
2015 2726 2052 2762 ea
2064 2711 2136 2774 edim

1344 2796 1462 2867 iniquitat
1482 2813 1578 2851 currunt.
1601 2796 1672 2852 Sunt
1688 2799 1759 2852 enim
1783 2798 1861 2863 rnali,
1876 2798 1923 2853 scd
1943 2800 2032 2856 urade
2055 2800 2135 2863 mali;

1337 2887 1405 2943 idco
1430 2888 1509 2952 ntuli,
1525 2889 1586 2958 quia
1609 2888 1708 2951 attacti,
1730 2889 1755 2943 id
1774 2899 1816 2945 est
1838 2890 1941 2955 eriles.
1953 2891 2064 2961 exigui,
2078 2894 2136 2948 tabe

1345 2980 1459 3052 quadam
1473 2982 1484 3014 ⁸
1498 2982 1665 3039 necessitatis
1685 2983 1771 3039 adecti
1786 3002 1793 3038 :
1808 2994 1836 3039 οι
1854 2985 1904 3055 ipsi
1931 2986 2014 3049 ntuli,
2041 2996 2069 3042 οι
2091 2988 2135 3041 ab·

1345 3073 1469 3141 maandi;
1490 3075 1597 3131 terenda
1611 3084 1652 3131 est
1666 3077 1737 3131 enim
1756 3078 1840 3148 magis
1857 3079 1946 3134 omnis
1970 3082 2135 3145 necessitas,

1343 3181 1423 3237 qnam
1437 3168 1610 3237 perpetranda
1624 3168 1711 3239 aliqua
1734 3170 1869 3240 iniqnitas.
1883 3169 1987 3226 Tamen
2000 3171 2073 3226 aliud
2096 3182 2136 3227 et

1343 3258 1379 3315 de
1392 3260 1550 3316 necessitate
1563 3273 1692 3332 peccare:
1708 3261 1780 3316 alind
1796 3262 1821 3316 in
1841 3261 2015 3318 abundantia.
2031 3262 2137 3331 Pauper

1343 3352 1481 3408 mendicus
1493 3352 1592 3408 turtum
1607 3352 1669 3408 iacit
1680 3369 1689 3421 ;
1702 3351 1734 3407 eir
1755 3354 1840 3409 macie
1851 3354 1984 3424 processit
1996 3355 2135 3424 iniquitas:

1344 3442 1418 3500 diues
1427 3443 1567 3501 abundans
1578 3443 1657 3501 rebus
1670 3444 1760 3513 mritis,
1770 3460 1853 3516 quare
1862 3444 1955 3516 diripit
1964 3462 2007 3502 res
2022 3446 2136 3503 alienas!

1345 3534 1419 3591 iliius
1442 3537 1566 3607 iniquitas
1577 3552 1609 3593 er
1636 3538 1737 3597 macie:
1754 3537 1834 3608 bajus
1853 3552 1887 3594 er
1900 3527 1981 3609 adipe
1993 3540 2134 3609 processit

1343 3624 1406 3681 ldeo
1420 3638 1511 3682 macro
1524 3641 1585 3682 cum
1599 3627 1666 3683 dicis
1684 3627 1794 3695 :Quare
1807 3626 1858 3683 ltoe
1876 3627 1982 3684 iecisti?
1994 3629 2135 3686 llurmiiter

1343 3714 1458 3770 aldictns
1477 3725 1505 3771 οι
1529 3715 1648 3787 alrjectus
1672 3716 1813 3786 respondet
1836 3717 2022 3775 :Necessitas
2051 3721 2135 3790 megin

1343 3821 1397 3862 nte.
1412 3806 1500 3875 Quare
1513 3823 1566 3862 non
1577 3808 1687 3863 timuisti
1699 3809 1796 3864 Deuad
1808 3809 1917 3881 Egestas
1936 3813 2080 3881 compulit
2092 3813 2135 3868 liic

1342 3895 1420 3952 diuiti
1437 3914 1444 3951 :
1460 3897 1547 3965 Quare
1570 3897 1627 3953 bae
1642 3897 1721 3966 lacis,
1738 3909 1766 3955 et
1785 3915 1838 3955 uon
1852 3882 1930 3955 times
1946 3901 2086 3958 bernaici
2098 3913 2134 3957 ta·

1343 4002 1405 4043 mea
1419 3997 1509 4044 taaurs
1528 4003 1558 4044 es
1568 3989 1612 4060 qui
1627 3989 1712 4060 possis
1725 3989 1825 4045 dicere.
1844 3989 1910 4046 llide
1922 3991 1945 4047 si
1957 3991 1999 4046 rel
2013 3992 2133 4064 digmtnr

1342 4079 1451 4145 audire;
1465 4080 1527 4135 ride
1548 4081 1570 4134 si
1586 4095 1639 4135 aon
1651 4081 1732 4136 etiam
1750 4082 1776 4135 ia
1790 4089 1816 4136 ιο
1830 4081 1887 4152 ipso
1900 4082 1940 4153 (a)
1954 4083 2063 4152 protliot
2085 4086 2132 4139 iui-

1342 4172 1430 4242 quitas
1443 4187 1477 4227 cr
1487 4171 1564 4242 adipe
1574 4171 1641 4241 ejus.
1652 4171 1711 4227 lam
1726 4172 1797 4227 etnim
1810 4174 2024 4242 preceptoribus
2037 4185 2066 4231 et
2076 4192 2132 4231 cur·

1342 4263 1493 4333 reptoribus
1505 4263 1560 4319 suis
1573 4262 1724 4318 inimicitias
1737 4263 1882 4330 .indicuat;
1897 4273 1925 4319 et
1948 4265 2017 4319 irunt
2037 4267 2133 4324 iuitniri

1342 4369 1433 4410 rernm
1446 4353 1613 4419 dicentibus,
1625 4345 1682 4422 jaar'
1694 4354 1763 4409 sueti
1784 4354 1948 4425 compalpari
1967 4357 2059 4412 serbis
2069 4357 2132 4412 adu·

1342 4446 1464 4512 iautium,
1477 4461 1543 4500 aure
1554 4445 1625 4501 molli
1638 4486 1646 4511 ,
1660 4445 1742 4502 corde
1763 4460 1816 4501 noa
1837 4460 1910 4501 sarto.
1926 4447 1993 4516 Quis
2007 4448 2082 4505 dicat
2093 4451 2133 4506 di-

1342 4540 1388 4594 uiti
1405 4559 1412 4594 :
1429 4539 1496 4595 liale
1516 4538 1600 4595 iecisti
1624 4553 1718 4609 rapere
1741 4553 1786 4594 res
1808 4539 1928 4594 alienas?
1943 4540 1997 4596 dut
2015 4541 2087 4597 iurte
2111 4543 2131 4597 si

1341 4646 1423 4685 ansus
1437 4629 1515 4685 interit
1529 4629 1624 4697 aliquis
1638 4628 1746 4696 dicere,
1759 4638 1787 4684 et
1800 4629 1860 4682 talis
1872 4637 1913 4684 est
1922 4631 1965 4684 cui
1982 4646 2038 4685 non
2051 4633 2131 4701 possit

1342 4722 1387 4778 lile
1409 4722 1552 4786 resistere,
1573 4720 1635 4790 quid
1659 4719 1821 4790 respondet?
1836 4720 1931 4775 Totum
1956 4722 1983 4776 in
2007 4733 2130 4778 coritaru-

1341 4825 1416 4883 ptum
1428 4813 1472 4868 Dei
1486 4811 1611 4882 loquitur.
1627 4810 1726 4877 Quare?
1735 4810 1801 4877 Quia
1816 4813 1946 4880 superbus
1958 4822 2012 4867 est.
2025 4815 2131 4881 Quare?

1340 4907 1406 4975 Quia
1421 4907 1586 4977 pinguisest.
1601 4904 1701 4971 Quare?
1721 4904 1787 4971 Quia
1806 4904 1918 4959 deuotus
1940 4903 1974 4960 ad
1995 4905 2131 4962 ricuinum

1340 5008 1391 5054 est.
1409 4995 1512 5051 Pradiet
1524 4997 1596 5064 qnasi
1610 5012 1641 5050 ea
1659 4996 1734 5064 adipe
1741 4995 1859 5064 iniquitas
1872 5011 1968 5049 eorum.

1377 5091 1420 5144 lb.
1444 5088 1608 5143 Transierunt
1628 5089 1655 5140 in
1669 5087 1859 5155 dispositionem
1877 5087 1971 5142 cardis.
1995 5086 2038 5144 tbt
2065 5091 2132 5146 intres

1340 5181 1511 5236 transierunt.
1525 5179 1592 5248 Quid
1615 5188 1656 5234 est
1674 5177 1847 5232 transierunt?
1867 5176 2060 5249 praetergressi
2073 5193 2131 5237 strtd

1339 5272 1419 5327 riam
1433 5271 1501 5339 Quid
1522 5280 1563 5326 est
1587 5267 1952 5324 trunaiernnrillrcesserunt
1975 5281 2066 5328 metas
2087 5272 2131 5328 bn

1339 5365 1411 5419 mani
1423 5363 1547 5434 generis3
1564 5362 1685 5417 lromines
1697 5376 1727 5417 se
1745 5375 1822 5430 pares
1835 5362 1941 5439 ceteris
1956 5379 2012 5418 aaa
2028 5377 2128 5434 putant

1338 5452 1522 5517 Trartsiarrrrtt,
1537 5451 1656 5519 iuquam,
1668 5461 1752 5507 arctas
1761 5451 1870 5507 humani
1883 5454 2002 5520 generis.
2019 5456 2130 5521 Quaado

1339 5545 1406 5601 dicis
1419 5546 1464 5602 tali
1489 5545 1608 5599 batruini:
1623 5544 1716 5599 Frater
1737 5552 1797 5598 tuus
1815 5555 1857 5600 est
1870 5546 1919 5599 iste
1933 5561 2058 5616 paapen
2073 5567 2130 5603 tuus·

1339 5637 1399 5697 dem
1414 5644 1535 5707 parentes
1550 5634 1698 5701 habuistis,
1715 5634 1798 5690 Adam
1809 5644 1836 5690 et
1850 5634 1934 5690 Eram
1951 5653 1959 5691 ε
1974 5640 2031 5693 troii
2047 5649 2129 5695 auen·

1370 5787 1787 5962 :affirrfflhvexqfflta
1797 5849 1905 5911 podera
1915 5853 1988 5910 ates..
2006 5851 2102 5908 mediet
2119 5865 2128 5903 .·

1337 5915 1406 5976 juxta
1418 5920 1491 5962 Graec.
1504 5918 1567 5969 exa,
1580 5923 1625 5961 eae
1689 5917 1733 5960 tat.
1955 5971 1962 5983 ·

1339 5975 1429 6088 Μῖηιιο
1445 5973 1493 6067 aliq
1502 5979 1536 6023 rot
1553 5973 1634 6035 probae
1651 5978 1714 6022 uotae
1725 5978 1779 6023 turs
1797 5978 1825 6023 ιιι
1840 5969 1907 6034 trid,
1918 5974 2056 6036 exmuitate
2070 5987 2127 6039 qu·
2172 6067 2177 6076 .

1371 6119 1494 6182 (a)t··ortu,
1511 6115 1535 6169 in
1546 6123 1569 6168 te
1576 6116 1663 6182 ipsun.
