5025 6925
874 712 981 771 833

879 842 936 884 ut
957 825 1284 884 inveniantur
1308 820 1450 876 mali.
1484 819 1622 874 Deus
1655 817 1795 872 enim
1824 800 1913 884 'qui
1945 811 2087 868 novit
2125 808 2450 866 exercendos

880 937 998 986 nos,
1027 920 1212 974 miscet
1241 915 1392 970 nobis
1412 920 1466 969 et
1492 927 1598 967 uon
1628 919 2075 982 perseveraturos,
2106 916 2195 959 aut
2221 914 2362 958 certe
2384 903 2452 956 ita

879 1011 1172 1073 siuiulatOS,
1228 1016 1285 1061 ut
1329 1021 1425 1061 nee
1480 1001 1844 1058 inchoaverint
1889 1000 1942 1053 in
1972 1015 2075 1067 quo
2116 1008 2454 1066 perseverare

881 1103 1153 1166 deberent.
1176 1097 1331 1153 Novit
1357 1097 1496 1152 enim
1522 1093 1878 1150 necessarium
1905 1105 2022 1145 esse
2051 1087 2200 1142 nobis
2230 1097 2286 1140 ut
2314 1088 2452 1140 sera-

881 1208 1000 1249 mus
1028 1192 1214 1255 malos,
1255 1199 1308 1246 et
1346 1187 1585 1258 proficiat
1621 1185 1758 1254 quod
1787 1182 1905 1235 linui
1937 1195 2148 1242 siiiuus;
2177 1177 2455 1246 diligamus

883 1287 1144 1349 inimicoS,
1167 1282 1531 1352 corripiamus,
1553 1278 1889 1346 castigemus,
1916 1269 2452 1330 excommunicemus,

880 1393 1001 1434 cum
1031 1376 1312 1432 dilectione
1335 1389 1363 1426 a
1391 1371 1542 1427 nobis
1568 1370 1722 1423 etiam
1748 1379 2072 1434 separemus.
2109 1361 2292 1415 Videte
2312 1360 2453 1413 enim

883 1470 1009 1541 quid
1034 1470 1173 1524 dicat
1192 1466 1472 1536 Apostolus
1503 1481 1516 1517 :
1544 1462 1603 1516 Si·
1627 1460 1739 1530 quis
1765 1468 1926 1511 autem
1955 1472 2054 1509 non
2079 1452 2278 1507 obaudit
2308 1452 2452 1505 verbo

882 1570 1050 1616 nostro
1071 1576 1159 1632 per
1184 1557 1465 1628 epistolam,
1498 1554 1629 1606 hunc
1660 1560 1845 1610 notate,
1886 1557 1931 1600 et
1970 1545 2120 1598 nolite
2149 1539 2456 1596 commisceri

879 1670 996 1708 cum
1029 1669 1102 1705 eo.
1157 1649 1260 1706 Sed
1305 1663 1370 1703 iie
1398 1647 1708 1713 subreperet
1736 1641 1825 1694 tibi
1857 1654 1920 1693 ex
1961 1636 2059 1690 hoc
2089 1631 2374 1696 iracundia,
2403 1639 2458 1685 et

886 1746 1121 1802 turbaret
1154 1742 1361 1798 oculum
1389 1751 1557 1799 tuum,
1589 1735 1726 1799 Non,
1769 1732 1955 1801 inquit,
1986 1739 2037 1782 ut
2063 1728 2319 1782 inimicum
2345 1741 2456 1778 eum

885 1836 1173 1894 existimetis
1191 1875 1205 1897 ,
1267 1832 1356 1886 sed
1407 1829 1641 1898 corripite
1690 1835 1745 1879 ut
1796 1827 2004 1894 fratrem
2026 1862 2040 1884 ,
2104 1826 2159 1870 ut
2207 1815 2458 1870 erubescat

886 1929 952 2001 (h
997 1928 1172 1983 Thess.
1201 1943 1274 1989 ιιι,
1319 1925 1428 1991 Μ).
1463 1924 1501 1976 Α
1531 1937 1635 1991 quo
1673 1917 1858 1973 indixit
1897 1911 2308 1983 separationem,
2352 1923 2456 1972 non

886 2019 1125 2093 praecidit
1148 2017 1502 2072 dilectionem.
1530 2012 1666 2065 Vivit
1694 2008 1784 2063 ille
1811 2005 2016 2069 oculus,
2047 2003 2173 2057 vivit
2209 1999 2315 2053 vita
2346 2008 2454 2050 tua.

887 2111 1096 2167 Etenim
1122 2108 1314 2163 amissa
1335 2104 1562 2165 dilectio,
1610 2115 1756 2155 mors
1793 2110 1898 2152 tua.
1945 2096 2088 2149 llane
2113 2092 2202 2146 ille
2221 2091 2461 2146 amittere

890 2205 1061 2264 timuit
1087 2202 1177 2273 qui
1197 2203 1329 2257 dixit
1356 2216 1370 2253 ε
1406 2199 1571 2254 Metus
1594 2195 1767 2248 mortis
1792 2189 1966 2246 cecidit
1985 2203 2135 2255 super
2155 2200 2250 2237 me.
2282 2182 2461 2250 ltaque

889 2313 957 2355 ne
993 2296 1230 2350 amittam
1260 2290 1556 2346 dilectionis
1594 2288 1775 2347 vitam,
1814 2283 1923 2347 quis
1948 2279 2083 2333 dabit
2111 2276 2233 2330 milii
2273 2289 2462 2345 pennas

887 2389 1013 2443 sicut
1052 2385 1313 2450 columboe,
1365 2392 1411 2436 et
1453 2379 1650 2442 volabo,
1689 2388 1733 2428 et
1774 2369 2116 2446 requiescam?
2152 2366 2268 2434 Quo
2295 2365 2462 2420 iturus

889 2482 987 2541 es?
1033 2494 1138 2549 quo
1174 2472 1488 2532 volaturus?
1517 2471 1617 2526 ubi
1650 2465 2026 2537 requieturus?
2068 2459 2197 2514 Ecce
2236 2455 2463 2528 elonqaci

892 2574 1110 2645 supletis,
1132 2581 1177 2625 et
1194 2568 1353 2623 mansi
1373 2568 1424 2619 in
1445 2566 1657 2619 deserto.
1681 2561 1736 2615 ln
1754 2574 1856 2629 quo
1877 2553 2118 2612 deserto?
2137 2551 2464 2619 Ubicumque

893 2667 1074 2730 lucris,
1096 2662 1488 2733 congregabunt
1507 2672 1564 2711 se
1575 2653 1771 2716 cietcri,
1789 2651 2054 2708 desertum
2074 2657 2244 2701 tecum
2264 2652 2460 2713 petent,

892 2755 1210 2815 affectabunt
1230 2755 1386 2807 vitani
1413 2761 1575 2811 tuam,
1605 2757 1662 2801 tu
1690 2743 1947 2813 repellere
1987 2755 2090 2792 non
2119 2746 2266 2806 potes
2292 2735 2463 2788 socie-

895 2861 1054 2906 tatem
1085 2849 1302 2902 fratrum
1332 2862 1345 2896 ε
1376 2842 1665 2897 miscentur
1692 2836 1781 2891 tibi
1812 2834 1968 2888 ctiam
2001 2829 2154 2893 inali;
2185 2824 2464 2881 adhuctihi

894 2941 1202 2999 exercitatio
1227 2937 1469 2992 debetur.
1498 2931 1629 2985 Ecce
1658 2926 1882 2997 elongavi
1907 2923 2124 2994 fugiens,
2149 2928 2194 2974 et
2224 2918 2385 2972 mansi
2413 2917 2466 2969 in

896 3037 1108 3091 deserto.
1153 3032 1209 3086 ln
1242 3045 1348 3101 quo
1372 3025 1622 3082 deserto?
1662 3022 1716 3078 Si
1744 3020 1878 3076 sorte
1908 3018 1960 3072 in
1989 3012 2332 3076 conscientia,
2362 3024 2467 3078 qno

896 3129 1070 3185 nullus
1090 3125 1362 3180 hominnm
1386 3121 1565 3184 intrat,
1597 3115 1685 3170 ubi
1717 3127 1872 3168 nemo
1901 3121 2068 3165 tecum
2090 3115 2190 3169 est,
2221 3103 2305 3158 ubi
2331 3112 2385 3157 tu
2413 3110 2469 3155 et

900 3226 1038 3278 tiens
1057 3218 1292 3288 es.,Nam
1315 3217 1358 3271 si
1390 3217 1440 3270 in
1467 3214 1698 3277 deserto,
1727 3210 1779 3264 in
1803 3209 1978 3276 aliquo
2004 3205 2139 3266 loco,
2167 3201 2289 3272 quid
2309 3199 2469 3253 iacies

896 3316 964 3370 de
998 3309 1433 3383 congregantibus
1468 3303 1568 3359 se?
1610 3302 1723 3357 Nou
1768 3300 1908 3354 enim
1946 3313 1976 3351 a
2004 3310 2197 3366 genere
2241 3293 2469 3346 humano

897 3415 1170 3477 separatus
1211 3415 1330 3458 csse
1359 3398 1575 3471 poteriS,
1623 3388 1870 3465 (luamdiu
1901 3391 1952 3445 in
1993 3385 2291 3444 hominibus
2315 3383 2467 3438 viviS.

898 3498 1127 3556 Attende
1162 3496 1335 3567 potius
1363 3490 1745 3547 consolatorem
1787 3485 1931 3556 illum
1972 3481 2248 3536 Dominum
2295 3485 2349 3531 et
2387 3492 2465 3528 re·

896 3610 1039 3667 gom,
1087 3593 1457 3660 imperatorem
1509 3592 1563 3637 et
1603 3589 1895 3635 creatorem
1935 3584 2192 3635 nostrum,
2231 3578 2469 3625 creatum

898 3675 1057 3740 eiiam
1081 3682 1217 3736 inter
1243 3692 1340 3732 nos
1372 3693 1386 3730 :
1427 3671 1638 3728 attende
1666 3668 1785 3739 quia
1815 3665 2091 3722 duodecim
2132 3661 2241 3716 siiis
2263 3657 2472 3713 miscuit

903 3790 1060 3831 unum
1091 3785 1247 3843 quem
1275 3774 1562 3838 pateretur.
2469 3741 2478 3754 “

972 3868 1057 3923 to.
1087 3864 1234 3939 [vers.
1262 3858 1341 3932 9.]
1370 3857 1522 3922 Dicit,
1562 3853 1690 3908 Ecce
1711 3852 1939 3921 etonqavi‘
1959 3846 2156 3917 sapiens
2183 3887 2198 3908 ,
2229 3853 2275 3895 et
2306 3840 2470 3893 mansi

905 3962 956 4016 iii
1010 3959 1222 4012 deserto.
1275 3951 1435 4007 Forte
1488 3948 1586 4002 iste
1617 3987 1631 4009 ,
1686 3952 1742 3997 ut
1783 3941 1890 3996 dixi
1924 3981 1938 4002 ,
1990 3936 2179 4008 ingerit
2227 3935 2293 4012 ad
2340 3947 2470 3986 con·

906 4048 1180 4109 scientiam
1209 4059 1380 4109 suam,
1426 4040 1495 4095 ibi
1535 4038 1859 4107 aliquantum
1887 4031 2156 4086 desertum
2203 4024 2470 4081 invenerit

903 4146 988 4203 ubi
1035 4140 1407 4212 requiesceret.
1455 4130 1560 4187 Sed
1603 4129 1690 4183 illa
1723 4124 1934 4181 dilectio
1979 4118 2260 4177 conturbat
2298 4130 2465 4170 eum:

903 4238 1047 4293 solus
1072 4243 1187 4290 erat
1205 4233 1257 4285 in
1281 4224 1625 4288 conscientia,
1655 4218 1750 4275 sed
1776 4233 1882 4273 non
1912 4215 2059 4271 solus
2094 4216 2146 4267 in
2173 4211 2466 4271 charitate;

902 4331 1046 4382 intus
1069 4321 1438 4379 consolabatur
1462 4310 1786 4370 conscientia
1807 4349 1821 4372 ,
1851 4306 1946 4363 sed
1978 4305 2272 4359 lorinsecus
2301 4300 2468 4354 tribu·

909 4419 1135 4473 lationes
1161 4427 1263 4466 non
1291 4406 1680 4477 relinquebant.
1710 4401 1892 4470 ltaque
1923 4399 1974 4453 iii
2013 4411 2072 4451 se
2111 4395 2320 4465 quietus
2344 4433 2358 4455 ,
2404 4406 2474 4446 ex

904 4507 1020 4562 aliis
1050 4501 1303 4575 pendenS,
1331 4514 1450 4553 cum
1487 4493 1898 4550 conturbaretur
1939 4488 2114 4542 adhuc
2137 4527 2152 4552 ,
2199 4484 2325 4554 quid
2353 4481 2471 4536 ait?

907 4594 1267 4667 Exspectabam
1294 4607 1405 4646 eum
1432 4589 1516 4658 qui
1545 4602 1621 4640 me
1647 4585 1840 4639 salvum
1867 4583 2107 4653 [acereta
2136 4575 2472 4649 pusillanimi-

906 4702 1004 4745 tate
1029 4690 1046 4721 ¹
1080 4697 1125 4741 et
1154 4688 1456 4753 tempestate.
1501 4678 1643 4732 Mare
1686 4683 1768 4730 est
1790 4714 1806 4737 ,
1851 4680 2136 4741 tempestas
2178 4678 2259 4722 est
2291 4685 2304 4720 z
2339 4665 2473 4719 nihil

905 4782 996 4836 tibi
1025 4784 1188 4835 restat
1214 4773 1315 4829 nisi
1341 4770 1655 4833 exclamare,
1686 4763 1916 4829 Domine,
1949 4778 2093 4831 pereo
2121 4758 2330 4832 (Manli.
2356 4772 2470 4823 xiv,

904 4870 1016 4944 50).
1049 4869 1289 4939 Porrigat
1326 4875 1541 4918 manum
1572 4858 1663 4913 ille
1688 4856 1778 4927 qui
1807 4854 1996 4911 fluctus
2033 4853 2203 4907 calcat
2249 4848 2473 4917 intrepi·

902 4966 1025 5031 dus,
1053 4961 1292 5017 sublevet
1319 4952 1722 5025 trepidationem
1750 4958 1914 5012 tuam,
1947 4945 2121 4998 liriuet
2149 4944 2202 4997 iu
2232 4956 2291 4996 se
2317 4936 2474 4995 secu-

915 5057 1128 5110 ritatem
1160 5062 1321 5115 tuam,
1364 5046 1659 5114 alloquatur
1689 5049 1739 5095 te
1768 5039 1907 5091 intus
1931 5076 1946 5099 ,
1973 5044 2027 5089 et
2055 5033 2194 5088 dicat
2220 5032 2312 5085 tibi
2350 5049 2363 5084 ε
2394 5030 2477 5084 Me

907 5144 1152 5207 attende,
1179 5139 1301 5211 quid
1331 5134 1636 5208 pertulerim
1664 5149 1678 5186 ε
1708 5129 1922 5185 fratrem
1950 5125 2145 5179 malum
2175 5122 2307 5178 loric
2332 5133 2478 5191 pate-

912 5239 984 5294 ris
1008 5277 1024 5303 ,
1077 5243 1167 5289 aut
1195 5233 1461 5286 inimicum
1494 5226 1787 5282 forinsecus
1814 5219 2038 5291 pateris;
2070 5229 2204 5286 quos
2229 5230 2330 5268 uon
2362 5230 2480 5283 pas-

909 5343 1002 5385 sus
1027 5325 1177 5382 sum?
1216 5323 1535 5379 Fremebant
1575 5316 1869 5373 lorinsecus
1910 5312 2119 5377 ludaei„
2161 5308 2480 5363 intrinsecus

911 5419 1200 5489 discipulus
1238 5416 1494 5470 tradebat.
1537 5410 1698 5466 Saevit
1739 5425 1866 5479 ergo
1910 5411 2194 5475 tempestas
2216 5441 2232 5467 ‚
2269 5400 2362 5457 sed
2392 5400 2479 5455 ille

913 5517 1088 5572 sais-os
1110 5509 1229 5564 lacit
1252 5524 1284 5560 a
1310 5504 1721 5577 pusillanimitate
1748 5513 1793 5557 et
1819 5508 2122 5569 tempestate.
2152 5496 2311 5552 Forte
2331 5494 2480 5549 navis

912 5618 1002 5663 tua
1036 5605 1154 5660 ideo
1186 5599 1455 5660 turbatur,
1485 5596 1603 5665 quia
1633 5597 1718 5649 ille
1760 5595 1810 5647 iii
1858 5604 1910 5648 te
1958 5587 2197 5647 dormit.’
2220 5588 2482 5644 Saevicbat

914 5711 1093 5760 mare,
1125 5689 1433 5747 turbabatur
1477 5686 1711 5740 navicula
1759 5686 1807 5738 in
1853 5699 1953 5754 qua
1988 5680 2229 5750 discipuli
2272 5680 2484 5747 naviga-

916 5791 1073 5850 bant,
1101 5783 1342 5840 Christus
1370 5787 1544 5832 autem
1576 5775 1869 5829 dormiebat
1899 5793 1911 5827 ε
1945 5774 2155 5827 tandem
2194 5769 2481 5841 aliquando

851 5881 856 5888 ‘
916 5884 1084 5936 visum
1109 5887 1191 5931 est
1231 5874 1336 5928 illis
1372 5873 1493 5941 qnia
1538 5868 1676 5922 inter
1716 5866 1833 5920 illos
1873 5866 2169 5919 dormiebat
2206 5873 2482 5917 ventorum

921 5976 1204 6043 imperator
1249 5977 1301 6021 et
1346 5971 1592 6025 ci·eatoi·;
1647 5966 1985 6013 accesserunt
2027 5966 2077 6011 ei
2124 5956 2488 6010 excitaverunt

922 6066 1190 6119 Christum
1227 6076 1240 6110 :
1273 6057 1551 6123 imperavit
1593 6052 1757 6105 vetitis
1780 6092 1794 6113 ,
1838 6057 1893 6104 et
1921 6046 2055 6101 sacta
2081 6055 2162 6100 cst
2193 6044 2486 6114 tranquilli-

988 6174 1005 6204 ⁸
1043 6173 1114 6224 sic
1136 6178 1241 6222 uss.
1269 6178 1322 6218 ‚tt
1345 6166 1452 6219 Fdd.
1477 6142 1567 6217 boe
1591 6163 1910 6223 lemmatum,
1935 6174 1964 6211 a
1986 6158 2156 6224 pusulo
2177 6158 2347 6210 tutuno.

2103 695 2160 752 S.
2203 691 2561 749 amusim
2602 692 2903 748 Episcopi

4023 723 4139 782 656

2562 817 2639 860 tas
2670 825 2854 881 magna
2890 815 3095 884 (Mami.
3123 835 3230 885 viii,
3254 822 3467 889 25-26).
3501 827 3683 885 Merito
3709 850 3834 905 ergo
3858 838 3992 894 {orte
4022 855 4139 896 tnr-

2560 901 2717 1005 batur
2735 920 2829 957 cor
2851 915 3017 971 tuum,
3040 912 3159 980 qnia
3182 916 3375 971 excidit
3405 919 3494 973 tibi
3525 922 3573 974 iii
3602 939 3755 992 quein
3782 929 4079 987 credideris
4116 955 4128 965 ·

2560 997 2964 1098 intolerabiliter
2995 1008 3207 1072 patei-is,
3240 1011 3357 1077 quia
3387 1030 3488 1068 iion
3523 1020 3664 1071 veuit
3692 1019 3780 1073 tibi
3813 1023 3861 1074 iii
3892 978 4138 1087 meulent

2557 1087 2681 1156 quid
2716 1101 2881 1158 prote
2906 1098 3180 1161 pertulerit
3206 1100 3463 1159 Christus.
3489 1106 3544 1161 Si
3570 1109 3619 1162 iu
3646 1122 3872 1167 mentem
3901 1132 4004 1171 non
4040 1121 4136 1174 tihi

2557 1182 2703 1235 venit
2727 1184 2966 1242 Christus
2990 1229 3004 1251 ,
3038 1190 3233 1247 dormit
3262 1212 3273 1247 :
3304 1199 3472 1253 excita
3503 1199 3770 1258 Christum
3798 1249 3813 1273 ,
3849 1211 4032 1265 recole
4075 1211 4140 1267 ti-

2557 1271 2701 1377 dem:
2725 1275 2874 1332 Tunc
2892 1281 3029 1334 euim
3059 1284 3109 1336 iii
3137 1293 3187 1338 te
3208 1285 3399 1342 dormit
3428 1289 3669 1349 Christus
3699 1298 3749 1362 ⁸,
3783 1299 3826 1351 si
3853 1300 4055 1356 oblitus
4078 1319 4139 1358 es

2559 1377 2833 1469 passiones
2858 1369 3050 1426 Christi
3081 1391 3093 1426 :
3127 1384 3251 1430 tune
3277 1379 3328 1432 in
3358 1388 3407 1434 te
3438 1383 3615 1452 vigilat
3642 1382 3908 1456 Christus,
3948 1394 3989 1446 si
4026 1410 4141 1450 ine·

2558 1468 2755 1559 mitiisti
2796 1463 3101 1529 passionum
3141 1467 3356 1523 Christi.
3398 1471 3529 1528 Cum
3558 1488 3733 1534 autem
3781 1482 3941 1550 plena
3970 1486 4141 1541 corde

2562 1558 2778 1647 int-nitus
2804 1551 2964 1606 fueris
3004 1556 3128 1624 quid
3170 1558 3259 1613 ille
3298 1563 3453 1618 luerit
3495 1580 3681 1633 passus
3705 1611 3718 1631 ‚
3766 1588 3943 1628 nonne
3980 1592 4142 1646 :inpio

2559 1651 2736 1692 annno
2762 1650 2815 1694 et
2844 1651 2896 1695 tii
2930 1645 3225 1703 tolerabis?
3250 1662 3304 1705 et
3328 1651 3552 1712 sortasse
3576 1660 3812 1728 gaudens
3836 1706 3853 1730 ,
3892 1667 4018 1737 quia
4052 1669 4138 1724 in-

2562 1741 2752 1786 ventus
2775 1748 2835 1789 es
2859 1734 2909 1788 in
2940 1737 3109 1807 aliqua
3136 1742 3480 1801 similitudine
3513 1751 3814 1817 passionum
3845 1759 3986 1828 regis
4037 1763 4136 1819 tui.

2561 1815 2693 1923 ilum
2717 1838 2842 1894 ergo
2872 1825 2969 1882 ista
2990 1831 3228 1900 cogitans
3254 1837 3516 1892 consolari
3546 1850 3601 1893 et
3627 1844 3856 1912 gaudere
3882 1853 4116 1917 coeperis

2563 1913 2651 1968 ille
2692 1919 2940 1983 surrexit,
2987 1920 3077 1976 ille
3117 1925 3287 1979 ventis
3327 1926 3603 1995 imperavit
3648 1951 3661 1985 :
3714 1935 3832 1990 ideo
3874 1937 4013 1994 saeta
4058 1896 4142 2000 esi

2565 2006 2932 2074 tranquillitas
2962 2009 3323 2081 Exspectabam
3353 2034 3463 2072 eum
3493 2022 3578 2091 qni
3608 2040 3685 2076 me
3726 2034 3922 2082 salvum
3952 2034 4141 2101 [aceres

2563 2113 2594 2150 a
2617 2101 3097 2170 pusillanimitatem
3127 2119 3429 2180 tempestate.

2636 2191 2721 2245 tt.
2752 2189 2898 2264 [vers.
2931 2195 3043 2269 to]
3073 2199 3380 2273 Subnicrqe,
3414 2203 3650 2274 Domine,
3679 2221 3726 2265 et
3748 2211 3915 2268 divide
3942 2215 4146 2288 linqua

2565 2298 2754 2338 eorum.
2781 2286 3021 2342 Attendit
3047 2290 3359 2349 tribulantes
3386 2313 3444 2351 se
3470 2309 3523 2352 et
3548 2300 3932 2362 adumbrantes
3959 2323 4021 2362 se
4046 2351 4061 2374 ,
4089 2320 4142 2365 et

2564 2376 2766 2444 optavit
2791 2376 2909 2440 hoc,
2941 2394 3043 2434 nou
3073 2381 3141 2436 de
3167 2383 3262 2448 ira,
3296 2384 3506 2444 fratres
3544 2390 3644 2458 Qui
3675 2409 3733 2449 se
3763 2396 3903 2451 male
3934 2400 4142 2455 extule-

2566 2478 2709 2534 runt,
2734 2470 2949 2540 expedit
2968 2476 3048 2528 eis
3071 2487 3131 2530 ut
3153 2479 3563 2551 submergantur
3592 2503 3605 2538 :
3635 2487 3722 2557 qni
3753 2489 3892 2543 male
3924 2497 4134 2562 conspi-

2567 2570 2817 2616 raverunt
2839 2605 2853 2628 ,
2883 2567 3099 2635 expedit
3126 2569 3204 2623 eis
3245 2580 3301 2625 ut
3337 2573 3541 2643 linguae
3567 2591 3750 2632 eorum
3791 2580 4133 2638 dividantur:

2567 2652 2634 2706 ad
2664 2653 2857 2709 bouum
2881 2663 3235 2727 consentiant,
3266 2674 3317 2718 et
3338 2647 3662 2725 concordent
3689 2671 3881 2743 linguae
3913 2677 4133 2730 issoi-uin.

2568 2744 2623 2799 Si
2649 2755 2828 2801 autem
2879 2750 2932 2803 in
2971 2751 3192 2822 idipsum
3232 2757 3493 2813 adversum
3539 2779 3618 2816 me
3648 2777 4001 2832 susurrabant,
4050 2781 4143 2832 ait,

2569 2851 2737 2891 omnes
2766 2839 2957 2894 inimici
2983 2845 3079 2898 mei
3104 2845 3271 2916 (Psal.
3304 2866 3390 2916 ιιι,
3419 2851 3498 2921 8),
3532 2854 3755 2922 perdant
3779 2859 3799 2888 ¹
3827 2859 4048 2928 idipsmn
4093 2864 4136 2916 iii

2570 2928 2744 3029 nialo;
2790 2928 3092 2989 dividantur
3133 2936 3323 3007 linguae
3370 2957 3575 3007 eorum,
3624 2961 3728 2999 nnn
3774 2949 3874 3002 sihi
3922 2972 4143 3008 rinmun-
4238 2931 4241 2937 Ι

2572 3027 2721 3074 tiant.
2770 3019 3082 3095 Submerqe,
3135 3026 3367 3095 Domine,
3411 3044 3456 3086 et
3501 3034 3665 3090 divide
3707 3038 3909 3110 linquas
3954 3060 4139 3100 aaran..

2572 3112 2867 3215 Submcrye,
2891 3119 3090 3186 quare?
3118 3119 3249 3187 Quia
3271 3139 3329 3178 se
3351 3128 3671 3183 extulerunt.
3708 3130 3906 3198 Ditii'de,
3934 3140 4139 3208 quare!

2570 3203 2703 3268 Quia
2730 3206 2780 3259 in
2811 3210 3003 3263 malum
3041 3215 3501 3284 conspiraverunt.
3532 3220 3755 3278 Turrem
3787 3226 3930 3281 illam
3962 3245 4139 3289 recur-

2572 3295 2699 3352 dare
2738 3301 3084 3369 superborum
3117 3305 3306 3361 factam
3348 3319 3469 3378 post
3511 3312 3763 3369 diluvium
3795 3334 3809 3369 ε
3844 3321 3970 3389 quid
4002 3286 4139 3377 iiim.

2575 3399 2694 3442 ruiit
2719 3393 2977 3460 superbi?
3014 3394 3089 3450 Ne
3120 3412 3399 3467 pereamus
3438 3402 3667 3473 diluvio,
3697 3406 3958 3465 faciamus
3986 3413 4135 3467 aliani

2576 3488 2772 3535 turrem
2802 3482 2952 3552 (Gen.
2996 3502 3065 3550 xi,
3098 3490 3177 3559 4).
3205 3489 3461 3561 Superbia
3490 3511 3549 3550 se
3589 3500 3823 3555 munitos
3856 3517 3978 3557 esse
4005 3509 4135 3561 arin-

2578 3572 2867 3672 trabautur,
2896 3586 3275 3636 exstruxerunt
3300 3584 3463 3639 altam
3508 3596 3743 3654 turrem;
3786 3603 3842 3647 et
3890 3593 4143 3651 Dominus

2573 3659 2750 3764 divisit
2780 3663 2984 3734 linguas
3005 3668 3259 3737 ipsorum.
3286 3673 3434 3730 ‘runc
3462 3691 3521 3733 se
3546 3692 3824 3750 coeperunt
3855 3681 3961 3738 tion
3994 3687 4137 3741 intel-

2576 3752 2737 3821 ligere
2779 3773 2792 3809 :
2832 3756 2952 3811 hinc
3002 3760 3134 3815 sacta
3179 3773 3261 3818 est
3302 3767 3450 3837 origo
3494 3769 3787 3842 linguarum
3837 3777 4135 3835 multarum.

2576 3844 2743 3945 A'ntca
2772 3849 2911 3900 enim
2954 3867 3053 3904 iiiia
3085 3852 3257 3923 lingua
3284 3870 3431 3923 erat3
3461 3861 3554 3915 scd
3584 3879 3685 3916 tiiia
3715 3865 3888 3935 lingua
3919 3883 4137 3923 concor·

2574 3935 2728 3990 dibus
2752 3940 3029 4007 proderat,
3064 3960 3163 3997 una
3209 3945 3381 4016 lingua
3432 3950 3731 4008 hominihus
3770 3957 4026 4023 proderat
4055 3978 4066 4013 :
4091 3970 4139 4014 at

2576 4026 2662 4080 tibi
2692 4029 2775 4082 illa
2797 4031 3039 4087 collectio
3067 4037 3117 4089 iu
3140 4041 3585 4108 conspirationciu
3614 4045 3876 4115 superbiat
3904 4052 4138 4120 praeripi-

2577 4128 2678 4222 tata
2707 4135 2807 4187 est,
2839 4129 3070 4210 pepercit
3097 4130 3199 4185 illis
3225 4132 3360 4187 Deus
3381 4144 3438 4189 ut
3456 4135 3719 4193 divideret
3744 4140 3970 4211 linguaS,
4001 4162 4065 4199 ne
4088 4160 4143 4200 se

2576 4213 2917 4281 intelligendo
2943 4220 3288 4287 perniciosam
3320 4223 3556 4281 facerent
3598 4228 3872 4286 unitatem.
3918 4234 4021 4289 Per
4062 4252 4142 4290 sii-

2577 4304 2767 4372 perbos
2789 4306 3032 4363 homines
3050 4310 3230 4366 divisa:
3256 4324 3377 4370 sunt
3403 4317 3613 4388 lingum,
3638 4334 3733 4389 per
3758 4320 3991 4379 humiles
4015 4329 4142 4395 Apo-

2576 4395 2740 4449 stolos
2768 4410 3104 4470 congregatae
3133 4414 3255 4458 sunt
3278 4406 3465 4477 lingua:
3496 4426 3508 4462 :
3537 4411 3753 4480 spiritus
3776 4417 4045 4483 superbia:
4068 4418 4141 4472 di-

2577 4488 2764 4553 spersit
2796 4490 3017 4559 linguas,
3050 4495 3277 4563 Spiritus
3308 4508 3520 4553 sanctus
3548 4506 3888 4572 congregavit
3919 4505 4141 4576 linguas.

2576 4578 2799 4644 Quando
2826 4581 2966 4635 enim
2987 4581 3213 4652 Spiritus
3240 4598 3453 4642 sanctus
3475 4591 3619 4644 veuit
3646 4606 3807 4658 super
3835 4593 4143 4665 discipiiloS,

2577 4670 2811 4725 omnium
2852 4671 3044 4743 linguis
3090 4674 3250 4730 locuti
3294 4690 3435 4743 sunt,
3486 4682 3554 4734 ab
3599 4684 3848 4739 omnibns
3897 4686 4151 4743 intellecti

2577 4772 2703 4815 sunt
2726 4761 2863 4831 (Aet.
2886 4779 2942 4825 ti,
2968 4765 3023 4835 4)
3055 4782 3067 4818 :
3103 4766 3297 4837 liugn-‘e
3324 4769 3575 4841 dispersae
3598 4815 3613 4839 ,
3645 4774 3695 4826 iu
3728 4790 3891 4828 unum
3924 4792 4149 4847 congre·

2577 4862 2713 4920 gatae
2749 4861 2893 4907 suut.
2941 4855 3087 4926 Ergo
3105 4857 3149 4912 si
3179 4859 3354 4914 adhuc
3393 4863 3618 4931 saevinnt
3645 4874 3696 4918 et
3724 4866 3952 4933 gentiles
3992 4877 4149 4935 snut,

2580 4943 2791 5012 expedit
2815 4947 2893 4999 eis
2919 4946 3112 5002 divisas
3144 4950 3337 5005 habere
3369 4953 3590 5022 linguas.
3625 4955 3822 5010 Volunt
3863 4974 4024 5013 unam
4058 4960 4155 5014 liii-

2580 5051 2734 5104 guam
2764 5078 2778 5101 ‚
2809 5039 3023 5092 veniant
3053 5041 3119 5094 ad
3149 5041 3477 5109 Ecclesiaiii;
3506 5046 3626 5115 quia
3667 5056 3722 5101 et
3769 5048 3819 5101 in
3849 5050 4157 5105 diversitate

2583 5126 2873 5197 linguarum
2909 5132 3101 5196 caruis,
3134 5148 3235 5185 una
3266 5144 3346 5187 cst
3377 5135 3549 5205 lingua
3581 5138 3633 5191 in
3666 5138 3767 5193 tide
3789 5142 3993 5197 cordis.
4025 5143 4166 5198 Sub-

2583 5233 2768 5288 merge,
2801 5217 3034 5288 Domine,
3064 5234 3109 5277 et
3135 5224 3299 5277 divide
3324 5227 3522 5296 linquas
3550 5246 3739 5283 eorum.

2657 5309 2742 5363 12.
2788 5309 3036 5375 Quoniam
3065 5314 3166 5367 vidi
3193 5316 3504 5384 imquitatem
3547 5329 3593 5373 et
3631 5323 4083 5378 contradictionem
4110 5326 4165 5380 iu

2586 5402 2802 5456 civitate.
2829 5402 3016 5489 Mei-ito
3045 5405 3143 5460 iste
3171 5405 3444 5463 desertum
3474 5413 3761 5479 qua-rebat,
3806 5417 4060 5482 quoniam
4088 5417 4166 5471 vi-

2587 5492 2665 5547 dit
2703 5495 3031 5564 iniquitatem
3073 5508 3128 5552 et
3165 5500 3638 5557 contradictionem
3687 5506 3737 5557 in
3782 5508 4001 5564 civitate
4072 5512 4170 5568 Est

2588 5585 2828 5653 quaedam
2874 5588 3060 5642 civitas
3105 5590 3401 5644 turbulenta
3445 5609 3456 5644 :
3491 5594 3603 5661 ipsa
3645 5608 3759 5649 erat
3791 5614 3910 5666 quae
3962 5610 4169 5658 turrem

2591 5675 2960 5743 nidificaverat,
2981 5678 3093 5747 ipsa
3116 5681 3330 5735 confusa
3353 5694 3452 5749 cst,
3476 5694 3523 5738 et
3556 5686 3812 5755 appellata
3849 5670 4171 5758 Babylonia,

2516 5834 2531 5844 .
2596 5768 2704 5836 ipsa
2730 5784 2821 5837 per
2848 5770 3254 5825 innumerabiles
3282 5784 3467 5843 gentes
3497 5776 3734 5844 dispersa
3769 5777 3922 5846 (Gen.
3960 5798 4034 5845 xi,
4059 5785 4119 5854 9)
4158 5804 4171 5839 :

2595 5860 2717 5915 iude
2759 5872 3105 5932 congregatur
3151 5864 3386 5918 Ecclesia
3423 5867 3472 5919 in
3518 5868 3783 5921 desertum
3838 5872 3992 5926 boine
4041 5895 4176 5930 coii-

2659 5974 2673 6003 ¹
2712 5974 2791 6056 iiie
2812 5974 2859 6022 iii
2884 5973 2993 6022 Μὰ.
3019 5974 3221 6034 additur,
3256 5976 3299 6027 si
3332 5991 3491 6029 timim
3526 5979 3661 6032 illum
3700 5982 3877 6033 Filium
3907 5986 3997 6035 Dei
4032 5988 4179 6040 abne-

2593 6046 2678 6097 gas
2698 6048 2797 6084 esse
2823 6048 2839 6083 .·
2861 6036 2986 6097 quod
3010 6037 3151 6086 abest
3171 6052 3198 6086 a
3224 6047 3325 6088 siss.

2659 6100 2677 6164 ².
2712 6099 2781 6143 >ie
2816 6096 2994 6178 aliquot
3032 6104 3134 6146 tiss.
3164 6108 3216 6167 At
3254 6110 3381 6169 μιν..
3406 6107 3665 6163 perdantur
3692 6119 3739 6155 ut
3760 6107 3993 6159 idiiisnm.
4022 6117 4097 6159 fir.
4128 6122 4177 6163 ο·

2597 6159 2787 6220 quidam
2807 6165 2929 6217 Mssa,
2956 6161 3159 6221 perdant
3181 6174 3228 6210 iii
3254 6175 3477 6225 tapsum.
