5025 6925
450 656 501 713 run
950 729 955 736 ,
975 654 1173 716 cuunmrto
1186 653 1220 710 nt
1233 654 1396 715 mnenon
1414 657 1533 715 runnu.
2026 669 2082 730 seo.

448 776 520 840 lucu,
535 782 610 827 cortu
629 773 739 844 indicio,
754 772 835 839 bono,
854 771 937 841 justo,
960 780 1064 837 nancto,
1079 767 1233 839 tranquillo,
1291 768 1388 840 ignem.
1404 769 1548 828 incendere
1569 772 1609 828 ris
1623 773 1719 845 aliquid
1734 793 1741 829 z
1757 775 1822 833 illud
1844 778 1915 848 quod
1934 778 2072 846 admones,

449 883 500 925 nen
522 869 691 937 perturbatus
712 868 770 931 ira,
792 883 846 921 non
878 879 971 920 amaro
990 865 1057 929 zelo,
1073 878 1126 917 non
1145 863 1235 917 animo
1290 861 1364 931 prius
1383 862 1469 929 ardet,
1490 864 1540 920 nisi
1562 864 1664 932 ardeat,
1687 882 1739 923 non
1762 868 1888 925 incendit.
1905 870 2001 929 Facula
2019 884 2071 940 cst,

447 958 644 1017 inimicitiarum
671 958 896 1023 exercendarum,
916 955 964 1011 sed
988 954 1089 1024 justitia
1111 951 1234 1008 uitiorum
1291 951 1360 1008 banc
1379 952 1492 1009 iaculum
1510 956 1623 1027 apponis
1636 967 1664 1011 ιιι
1675 957 1775 1027 aliquid
1789 960 1932 1017 incendat:
1948 968 2075 1036 numquid

447 1048 660 1121 premndomtm
677 1060 858 1103 verunnamen
873 1046 1013 1117 prophetia
1034 1054 1084 1101 est.
1289 1057 1342 1099 non
1356 1046 1411 1116 ipsu
1427 1046 1511 1101 laculo
1524 1063 1602 1118 quarn
1615 1050 1735 1121 apponis,
1751 1052 1823 1121 prior
1833 1053 1918 1119 ardet,
1934 1065 1963 1109 nt
1976 1058 2075 1128 aliquid

482 1141 527 1197 id.
547 1137 623 1213 [serr.
645 1141 671 1208 7,
696 1137 735 1212 8.]
754 1137 830 1195 Unde
854 1147 943 1192 antem
971 1144 1042 1192 tauto
1069 1137 1139 1191 mala
1163 1134 1236 1191 ista?
1289 1137 1373 1207 possit
1395 1138 1560 1196 incendere?
1585 1139 1683 1197 blalitia
1707 1157 1770 1212 erqo
1791 1144 1910 1212 procedit
1932 1161 1964 1201 ex
1987 1158 2023 1205 te.
2047 1161 2076 1205 ct

448 1240 505 1306 Quo
520 1230 635 1287 merito?
648 1231 729 1299 dudi,
741 1244 796 1301 quo
815 1229 932 1285 merito:
949 1226 1073 1295 Quonim
1082 1229 1161 1299 pretio
1176 1225 1235 1281 atr-
1287 1243 1367 1299 quern
1390 1229 1463 1300 prius
1477 1239 1562 1285 vastat
1582 1232 1633 1286 nisi
1649 1233 1690 1288 tei
1709 1234 1766 1299 Quo
1781 1234 1950 1306 profunditur
1971 1254 2074 1296 ranunnr

443 1322 584 1378 mutinum
598 1322 660 1376 nriii
685 1321 833 1390 nrnoeipulor
845 1335 899 1375 rurs
912 1319 1108 1389 correptionum
1132 1317 1160 1374 ln
1176 1319 1235 1387 ipso
1288 1320 1370 1389 lrcdit,
1386 1321 1431 1378 ubi
1443 1322 1559 1379 radicem
1573 1323 1652 1381 babet
1666 1341 1717 1381 non
1729 1326 1820 1383 laeditl
1838 1328 1873 1384 Et
1884 1330 1991 1401 quidem
2003 1332 2075 1400 dien,

407 1399 409 1403 ’
448 1416 533 1486 capite
556 1423 649 1469 nostro
674 1413 813 1481 attendite,
828 1413 879 1467 boe
903 1409 1022 1467 decerunt
1046 1409 1143 1472 ludaei,
1170 1409 1233 1464 abs·
1288 1412 1358 1482 qnod
1369 1414 1721 1473 malitiatnoutaltcrinon
1742 1421 2031 1493 noceatlicripotest:
2048 1436 2076 1479 ut

448 1507 596 1565 murrum
615 1506 772 1576 mtucipnlae
790 1520 846 1561 suae
866 1504 1073 1574 ccrrtrptiuneru.
1095 1503 1144 1558 (lui
1170 1502 1233 1559 abs·
1287 1513 1375 1559 autom
1390 1506 1436 1562 tibi
1456 1521 1508 1562 non
1530 1519 1635 1575 noceat,
1652 1509 1708 1566 sacri
1729 1527 1780 1567 non
1806 1522 1902 1583 potest.
1924 1516 1990 1571 Nam
2011 1517 2074 1589 quid

445 1600 596 1666 anderrunt
625 1599 818 1669 muscipulam?
842 1598 891 1665 Qui
905 1596 1011 1652 uidebat
1024 1596 1105 1652 corda
1121 1596 1235 1651 abscon·
1287 1595 1403 1651 uocitnrn
1417 1607 1458 1652 cst
1470 1608 1564 1655 saneto
1576 1600 1699 1669 uiroJob,
1713 1602 1747 1657 de
1757 1618 1810 1675 qno
1821 1607 1955 1675 praelocuti
1964 1612 2075 1666 sununs?

449 1692 575 1750 dentium.
588 1692 640 1748 Sed
660 1702 748 1747 tamen
764 1700 823 1746 erat
837 1692 906 1746 inter
921 1691 981 1745 illos
994 1689 1125 1761 ignoranti
1140 1689 1234 1744 similis
1287 1685 1425 1754 Quomodo
1440 1688 1466 1742 in
1480 1689 1533 1744 alio
1546 1683 1648 1760 psalmo
1661 1692 1767 1759 dieitur,
1780 1695 1852 1750 Sicut
1866 1698 1988 1753 unumne
2000 1710 2075 1756 ccmo

449 1788 519 1857 quusi
533 1786 680 1862 falleretur,
699 1799 758 1840 curn
779 1784 815 1839 illi
830 1785 857 1839 in
872 1789 910 1840 'eo
923 1784 1119 1853 deciperentur,
1140 1781 1165 1836 in
1179 1795 1233 1852 qno
1286 1779 1367 1848 terim
1387 1778 1472 1835 dotnrn
1494 1782 1578 1852 (Paul.
1593 1800 1628 1849 tr,
1642 1784 1681 1856 l).
1702 1786 1770 1855 Quid
1794 1789 1824 1843 tit
1843 1789 1877 1845 de
1894 1802 1972 1847 aenta
1994 1809 2074 1848 noru-

449 1891 505 1933 onnt
525 1875 579 1931 ialli
592 1875 799 1931 arbitrabantur.
818 1874 879 1929 ldeo
897 1875 968 1929 euim
983 1874 1029 1955 ille
1042 1882 1166 1943 tanquam
1180 1872 1231 1927 lal-
1286 1870 1365 1924 cula?
1380 1871 1483 1941 capilli,
1508 1889 1552 1930 res
1572 1876 1713 1945 superflum
1737 1879 1904 1936 deciduntur.
1920 1883 1989 1950 Quid
2009 1900 2075 1956 ergo

450 1967 550 2023 lcbatur
569 1967 639 2022 inter
652 1966 713 2021 illos
726 1967 828 2029 uirens,
839 1966 901 2036 quia
914 1979 963 2019 nos
976 1964 1045 2019 inter
1060 1963 1126 2019 tales
1141 1963 1180 2019 sie
1191 1962 1233 2016 ri·
1285 1960 1351 2016 lacis
1361 1962 1386 2018 ei
1398 1978 1477 2032 quem
1492 1964 1531 2020 nis
1545 1967 1661 2047 nroccrcl
1674 1968 1702 2023 Si
1716 1972 1845 2040 nequaru¹
1860 1973 1906 2027 tibi
1926 1974 1959 2030 ad
1974 1975 2073 2030 trralnm

449 2058 511 2113 cnm
528 2072 648 2124 cranius,
665 2067 694 2113 ut
713 2057 772 2113 sinte
793 2057 873 2112 drrbm
891 2056 1052 2111 falleremur.
1068 2055 1114 2111 llle
1126 2053 1234 2110 ridebat
1286 2055 1435 2110 consentiat
1446 2056 1489 2111 eni
1502 2057 1543 2112 uis
1557 2073 1663 2126 nocere,
1677 2075 1730 2116 uon
1745 2063 1843 2117 malitia
1858 2076 1901 2120 tua
1915 2067 1939 2121 ei
1952 2070 2074 2126 nocitura

451 2150 599 2206 traditorem
614 2165 702 2218 suurn,
723 2158 751 2205 ct
769 2150 850 2220 elegit
867 2149 941 2204 illurn
956 2148 1041 2219 magis
1056 2146 1090 2202 ad
1103 2163 1170 2217 opus
1185 2162 1232 2203 ne·
1285 2153 1337 2209 est,
1353 2145 1401 2201 scd
1420 2162 1468 2201 sua
1483 2148 1528 2203 :si
1549 2160 1636 2205 antem
1653 2152 1724 2207 intus
1744 2154 1800 2223 ipse
1813 2156 1911 2211 malitia
1930 2168 2030 2227 eareat,
2045 2170 2076 2216 ct

450 2240 767 2298 cunnumllliusrnalo
781 2255 905 2312 magunum
920 2240 1019 2296 bonurn
1034 2248 1160 2309 operatus
1172 2249 1232 2294 cst:
1286 2249 1333 2290 cor
1351 2237 1478 2292 mundum
1500 2239 1596 2295 subdat
1616 2242 1654 2296 illi
1669 2244 1727 2299 voci
1740 2244 1847 2311 dicenti,
1871 2247 1949 2302 sotus
1970 2259 2073 2322 tuacpo
2104 2265 2130 2338 2

451 2343 570 2390 ettamen
585 2334 654 2389 inter
666 2332 808 2389 duodecim
822 2333 923 2388 electus
934 2340 984 2397 est,
1008 2348 1043 2388 ne
1059 2332 1115 2401 ipsc
1129 2330 1231 2387 duorle·
1285 2341 1352 2393 sttnt,
1367 2326 1515 2385 lorinsecus
1528 2346 1674 2404 oppugnas,
1690 2334 1843 2391 interiorem
1865 2338 1998 2395 borninem
2018 2357 2076 2399 nort

451 2430 534 2482 nerim
547 2436 600 2479 tam
614 2426 724 2496 cxiqrrns
736 2439 862 2480 numerus
877 2433 949 2480 esset
960 2423 1018 2479 sine
1033 2424 1113 2478 malo.
1127 2422 1184 2477 lloc
1197 2422 1231 2477 ad
1285 2433 1420 2490 expugnas
1435 2440 1442 2475 :
1459 2423 1558 2479 malitia
1575 2434 1663 2481 tamen
1676 2435 1720 2481 tua
1730 2428 1763 2484 ab
1776 2430 1903 2488 interiore
1918 2441 1963 2487 tuo
1977 2448 2073 2502 proec-

451 2516 596 2586 cxetnplum
609 2526 707 2571 nostre
721 2514 865 2585 patientiae,
876 2513 1000 2584 quoniam
1013 2527 1123 2568 neeesse
1134 2520 1191 2569 erat
1204 2521 1232 2568 ut
1254 2553 1257 2560 .
1285 2508 1334 2577 dit,
1349 2518 1376 2565 te
1387 2512 1460 2583 prius
1472 2514 1578 2571 inaurem
1593 2517 1689 2573 reddit
1705 2519 1744 2574 Tu
1760 2522 1843 2590 putris
1856 2538 1888 2578 es
1908 2524 1987 2590 intus,
2002 2526 2073 2582 undo
2131 2555 2133 2560 >

450 2607 513 2663 inter
524 2607 612 2662 malos
626 2605 792 2670 viveremus,
808 2619 918 2660 necesse
938 2614 998 2659 erat
1016 2613 1045 2659 ut
1061 2602 1156 2669 malos,
1175 2604 1232 2660 sire
1285 2602 1335 2657 istc
1356 2605 1453 2661 vermis
1475 2610 1623 2675 processit;
1643 2611 1714 2667 intus
1737 2614 1803 2668 nibil
1824 2614 1955 2686 integrum
1976 2617 2073 2673 dereli-

450 2699 568 2770 aelnttes,
592 2698 649 2754 sinc
675 2698 836 2763 nescientes,
865 2696 1039 2752 toleraremus
1055 2714 1062 2751 :
1080 2696 1231 2765 exemplum
1284 2695 1350 2765 quit.
1368 2694 1491 2770 Etceptio
1504 2716 1580 2770 quom
1593 2703 1787 2771 occultaverunt,
1802 2708 1997 2776 conrprebendot
2009 2726 2072 2766 coa:

450 2792 578 2859 petientire
587 2790 700 2862 prebuit
712 2804 747 2845 ne
760 2788 877 2855 delicias,
892 2803 953 2843 enm
967 2788 1081 2858 eoeperis
1094 2788 1163 2843 iuter
1174 2804 1230 2843 ma·
1283 2786 1343 2840 etin
1350 2789 1490 2861 nucupata
1499 2791 1611 2848 incidam
1622 2793 1648 2847 in
1658 2795 1723 2865 ipse.
1735 2795 1793 2851 lien
1803 2798 1872 2867 quod
1884 2800 1994 2868 putabas
2004 2801 2075 2862 ione

450 2884 484 2940 los
497 2885 598 2940 ninere.
621 2884 655 2940 Et
668 2884 729 2954 qtria
751 2884 795 2937 illa
816 2882 907 2938 sebola
927 2880 1024 2937 Christi
1048 2882 1074 2936 in
1090 2881 1230 2939 duodecim
1284 2879 1362 2948 qtaulo
1375 2891 1438 2937 ante
1450 2897 1512 2939 cum
1527 2884 1642 2951 audires,
1662 2885 1750 2941 Veniet
1764 2889 1815 2943 illia
1828 2891 1979 2959 muscipulo,
1993 2908 2069 2962 quoru

449 2993 496 3034 nen
514 2975 625 3042 deiecit,
637 2984 736 3046 quantu
757 2974 841 3044 nuaqie
862 2988 911 3028 nos
925 2972 994 3028 finni
1017 2988 1077 3029 esse
1089 2972 1229 3039 debemus,
1284 2970 1410 3041 introcant,
1426 2973 1453 3028 id
1464 2984 1516 3042 cst,
1531 2976 1606 3045 quasi
1621 2977 1719 3048 aliquid
1733 2978 1804 3034 aliud
1819 2995 1851 3035 cx
1862 2983 1967 3036 occulto
1982 2983 2069 3040 ineri-

381 3057 403 3068 '
449 3085 503 3127 enar
524 3070 670 3139 implentur
682 3067 708 3122 in
722 3067 841 3122 Ecclesia
862 3081 967 3136 magna,
980 3081 1039 3134 quae
1053 3064 1088 3121 de
1099 3064 1230 3120 malorum
1284 3060 1419 3118 nullutn
1437 3066 1583 3136 qimergol
1603 3061 1702 3138 lnipsa
1723 3068 1889 3139 iniquitate²,
1908 3073 2068 3141 quamunilri

449 3162 619 3234 permixtione
631 3159 756 3233 predicta
768 3158 849 3214 sunt?
862 3158 953 3228 Neque
966 3157 1037 3211 enirn
1050 3155 1156 3212 uidebat
1172 3155 1230 3227 ipsa
1283 3152 1488 3210 absconderunt.
1499 3155 1594 3213 Nonne
1605 3156 1656 3212 boc
1674 3157 1770 3213 lactum
1783 3171 1824 3215 est
1836 3161 1957 3218 lucinis?
1973 3164 2065 3220 [iorni-

449 3256 533 3312 trbola
553 3253 688 3310 redditum
711 3251 807 3307 semini
827 3249 942 3305 Abrabae
955 3248 1026 3319 qnod
1046 3257 1104 3304 erat
1116 3250 1231 3319 prontis-
1283 3259 1441 3301 noseorum
1464 3246 1627 3317 iniquitatem
1647 3250 1720 3314 uicit,
1736 3250 1774 3305 illi
1789 3252 1926 3321 iniquitate
1940 3269 1986 3308 sna
2004 3256 2066 3312 uicti

448 3361 512 3411 m,
526 3354 556 3403 e,
575 3346 660 3417 im
674 3358 764 3399 ,mm
777 3339 848 3397 unde
862 3354 950 3396 mas„
961 3356 1020 3411 qua
1033 3340 1153 3409 implumi
1166 3339 1230 3398 pm.
1282 3342 1354 3391 sunt.
1368 3334 1417 3395 lllc
1426 3338 1540 3393 sttrrcxit
1554 3353 1601 3408 pro
1613 3335 1699 3400 nobis.
1715 3342 1753 3397 illi
1767 3343 1864 3398 mortui
1878 3355 1940 3400 sunu
1953 3346 1980 3401 in
1991 3362 2035 3403 sc.

448 3455 527 3509 pm,
547 3451 707 3512 „messura
729 3444 780 3492 nse.
794 3434 881 3504 Quare
902 3434 982 3505 igitur
995 3448 1060 3502 non,
1080 3449 1140 3490 eum
1154 3433 1230 3490 tritu·
1318 3426 1363 3483 lb.
1383 3426 1457 3502 [uere
1470 3428 1509 3503 9.]
1527 3429 1755 3504 decernemus
1768 3435 1944 3493 noceremibi
1956 3439 2071 3497 volenti-

448 3543 527 3597 ῃιω,
541 3532 569 3586 in
584 3546 615 3586 na
629 3527 794 3600 diqnepnlea
808 3526 947 3592 toleratum,
961 3525 1151 3581 doneenltima
1166 3541 1230 3582 uen-
1282 3520 1350 3576 bus:
1364 3519 1429 3575 mibi
1444 3521 1628 3590 qrrididuiuur
1645 3533 1730 3578 autern
1748 3529 1951 3584 nieucerultniit
1970 3530 1997 3586 in
2013 3531 2067 3589 lio·
2162 3538 2165 3545 '

448 3624 562 3680 Quemne
574 3619 719 3693 purgetur?
736 3618 792 3674 lloe
804 3617 875 3673 enirn
886 3615 1005 3671 loturum
1017 3626 1058 3671 est
1072 3617 1149 3672 malis
1158 3617 1230 3687 quod
1282 3613 1371 3667 mino-⁸
1385 3623 1510 3683 [andnim
1529 3613 1555 3668 ib
1568 3628 1601 3669 00
1620 3629 1635 3668 θ
1648 3629 1701 3685 (1¹¹⁰
1722 3616 1846 3684 dudlebi,
1868 3619 1947 3675 suns
1967 3630 2011 3676 tuo
2024 3639 2069 3695 φο

448 3715 564 3772 ,up-3255,
1281 3720 1337 3760 rum
1352 3712 1500 3776 :tanquam
1521 3719 1574 3762 non
1591 3721 1715 3776 quarens
1737 3708 1804 3763 alias
1822 3712 1988 3770 extrinsecus
2002 3714 2070 3771 divi·

477 3808 521 3863 ll.
540 3803 595 3862 Sed
609 3799 771 3872 tamenqcid
785 3797 932 3854 iaciendum
952 3797 1012 3853 esti
1025 3796 1229 3853 Grationbecon·
1282 3795 1343 3854 tias.
1358 3802 1483 3866 tanquan
1494 3811 1680 3868 conquerens
1693 3799 1878 3858 circumfluere
1891 3804 2069 3876 uoluptatibus

448 3898 530 3959 mu
548 3895 614 3952 nitri
635 3893 818 3964 corruptionem
838 3890 985 3961 nampulo
1006 3906 1070 3945 sne.
1085 3891 1152 3958 Quid
1174 3899 1227 3959 est,
1282 3884 1411 3956 bonisque
1423 3887 1861 3959 terrenis3sedeonjuqemnernm
1871 3895 2067 3963 graticamant,

447 3982 1143 4064 manuninummaturus,‹paruusnnnnoeun
1159 3980 1229 4036 rane
1281 3990 1334 4031 nou
1347 3975 1439 4032 atillo
1457 3977 1548 4032 volens
1559 3978 1680 4047 acuum
1695 3980 1900 4050 quaeremur,
1914 3984 1962 4040 scu
1980 3986 2067 4056 insen

446 4083 650 4155 eqnnimucrnnt
665 4079 777 4133 erinium
796 4092 887 4131 mcnnr.
897 4075 964 4144 Quid
986 4085 1036 4138 cut,
1057 4077 1138 4132 nane?
1151 4075 1228 4132 Fater
1281 4069 1367 4124 solinu
1389 4071 1439 4125 sibi
1452 4085 1603 4141 proponens
1623 4086 1705 4140 aquo
1724 4073 1882 4130 delectetur.
1904 4076 1973 4145 Quid
1995 4081 2067 4135 enirn

446 4176 571 4243 dmm,
600 4173 664 4226 „ihu
693 4168 845 4240 probamus,
878 4166 966 4221 pennu
996 4166 1049 4221 pru,
1075 4168 1226 4238 immina,
1282 4159 1562 4215 meliusbeodabitur
1576 4160 1830 4219 nibtttlmatme
1850 4165 1919 4221 Deus
1934 4184 1942 4223 τ
1957 4180 2068 4228 umatte

444 4282 516 4337 quarn
531 4267 659 4336 ignorant.
671 4259 808 4330 Magnifica
822 4257 971 4320 retributio,
991 4243 1057 4311 nibil
1066 4257 1174 4327 justins.
1188 4258 1228 4314 llll
1282 4250 1363 4308 Delli·
1377 4251 1447 4308 5000
1464 4253 1611 4323 llf⁰ll⁰⁸¹¹lb
1625 4261 1686 4324 90¹⁸
1704 4254 1774 4324 l⁰⁰¹¹
1790 4256 1830 4311 lis
1842 4256 1948 4327 (muli
1961 4276 2012 4329 vn,
2024 4265 2063 4335 7)·

445 4357 639 4417 mamm
660 4350 854 4420 muscipulam,
873 4358 903 4403 pi
924 4363 974 4419 ego
987 4349 1137 4419 ignorarem
1154 4369 1161 4404 ς
1176 4351 1228 4407 inis
1281 4341 1309 4398 st
1324 4343 1370 4397 tibi
1383 4340 1531 4412 lutperator
1542 4342 1652 4408 diceret,
1668 4343 1731 4400 l‘ete
1750 4345 1820 4415 quod
1835 4346 1884 4411 ris,
1899 4364 1967 4419 quos
1979 4353 2064 4408 tribu·

444 4452 530 4508 rain
541 4447 699 4517 muscipula,
715 4457 795 4515 quaro
807 4442 940 4514 iquornnt.
953 4440 1019 4494 Nam
1034 4457 1084 4510 ego
1094 4441 1155 4497 ¹scio
1167 4457 1227 4494 nru-
1280 4443 1358 4491 natus
1384 4432 1593 4504 comitivasque*
1613 4424 1751 4490 meteres!
1777 4436 1880 4504 Quanta
1903 4441 1949 4496 tibi
1969 4457 2067 4514 propo·

443 4542 569 4614 ocipulam
590 4540 718 4609 ipsorum.
735 4534 805 4617 Qnae·
818 4539 906 4587 autern
930 4531 1076 4601 muscipula
1097 4531 1150 4585 illis
1163 4547 1227 4587 nen·
1280 4542 1358 4585 nercs
1377 4537 1405 4584 ct
1425 4526 1581 4598 accipienda
1597 4536 1624 4584 ct
1644 4528 1703 4583 aliis
1723 4529 1875 4600 largienda!
1892 4533 1947 4589 lieo
1963 4536 2009 4592 tibi
2024 4538 2066 4593 di-

443 4647 499 4693 trra
516 4634 576 4691 esti
588 4632 634 4688 llla
648 4644 728 4700 qnam
742 4628 874 4699 ignorant.
890 4622 1036 4679 Audiamus
1050 4637 1084 4678 ne
1099 4621 1167 4678 iurrtc
1187 4623 1227 4677 di·
1279 4635 1368 4688 cente,
1381 4622 1445 4678 Pete
1454 4620 1524 4692 quod
1535 4622 1586 4685 ris,
1600 4620 1662 4691 quid
1675 4622 1806 4692 petiturus
1816 4623 1864 4679 es?
1877 4624 1981 4683 Excute
1995 4645 2067 4683 uren·

441 4737 484 4784 cu
505 4727 576 4782 illam
592 4743 599 4778 :
618 4721 705 4776 Veniat
729 4718 781 4773 illis
810 4715 971 4784 nanscipolo,
998 4730 1074 4784 quarn
1099 4713 1226 4784 iqnornnt.
1281 4727 1333 4774 mm
1345 4726 1426 4781 tuam,
1443 4731 1536 4771 crscrc
1549 4718 1686 4772 avaritiam
1697 4727 1780 4784 tuam,
1792 4721 1922 4791 protende
1935 4734 2066 4792 quantum

442 4820 521 4876 rone
533 4818 613 4874 aliern
630 4814 668 4868 illi
682 4809 888 4871 absconderunt,
911 4807 960 4860 alia
977 4806 1029 4861 illis
1043 4816 1153 4861 ventura
1165 4809 1226 4863 est?
1280 4821 1365 4881 potes,
1388 4819 1415 4865 et
1427 4810 1508 4864 dilata
1528 4810 1699 4878 cupiditatem
1715 4819 1786 4865 tnanu
1803 4831 1809 4865 :
1825 4828 1877 4866 non
1892 4815 2065 4885 quicumque,

440 4911 498 4969 Nou
512 4909 576 4966 :scd
589 4906 669 4978 quid?
682 4902 823 4959 Crinicnlis
842 4912 1009 4971 pcccatorum
1025 4915 1132 4955 suornm
1146 4917 1227 4956 nnns-
1279 4902 1327 4957 sed
1336 4904 1505 4969 omnipotens
1521 4898 1675 4963 benedixit,
1692 4901 1756 4956 Pete
1765 4903 1836 4970 qnod
1852 4902 1902 4956 nis.
1918 4903 1944 4958 Si
1959 4919 2065 4973 posscs-

439 5007 550 5076 qnisqnc
571 4999 760 5068 constringitur
778 4994 868 5067 (Pron.
888 5010 916 5058 u,
938 4993 996 5065 29).
1010 4992 1074 5049 lnde
1088 4993 1225 5064 decipiun-
1278 4996 1382 5049 siounm
1401 5008 1431 5048 ee
1452 5001 1564 5059 amator,
1590 4991 1787 5048 desideraturus
1806 5008 1835 5047 cs
1849 5003 1929 5048 totam
1957 5008 2065 5065 terrant.

440 5108 507 5158 tur„
517 5095 587 5151 nude
599 5093 721 5162 decipere
742 5089 891 5145 uoluerunt.
915 5085 979 5141 lude
1002 5086 1053 5139 illis
1074 5085 1224 5145 rrtrcebitur,
1279 5099 1308 5143 nt
1319 5087 1468 5157 onrncsqni
1484 5094 1639 5150 nascuntur,
1654 5085 1741 5140 culoni
1757 5085 1793 5139 tui
1807 5094 1853 5140 aut
1864 5089 1934 5142 serni
1950 5091 1985 5145 tui
2000 5093 2063 5149 sint.

439 5189 510 5246 nur&
530 5202 628 5243 nocere
645 5183 731 5239 connati
752 5190 823 5236 suunt.
846 5181 969 5249 Sequitur
989 5178 1060 5232 enirn
1073 5195 1080 5229 :
1094 5175 1128 5230 Et
1142 5179 1225 5248 ceptio
1253 5182 1255 5187 '
1280 5178 1381 5248 litquid
1392 5190 1452 5232 cunr
1465 5186 1547 5232 totam
1558 5186 1655 5230 terrain
1667 5174 1921 5245 possederistbtare
1934 5180 2064 5248 petitiunn

437 5297 515 5352 qu·
530 5278 725 5339 occuitnrcrunu
745 5271 938 5342 comprehendet
959 5270 1026 5324 illos.
1041 5269 1179 5339 'lantquam
1201 5271 1225 5324 si
1278 5288 1323 5340 es,'
1334 5273 1361 5327 in
1373 5285 1426 5342 quo
1438 5271 1529 5325 vivere
1542 5278 1630 5323 tamen
1652 5283 1704 5322 non
1720 5270 1828 5336 puteris.
1844 5270 1870 5324 ln
1892 5271 1941 5326 bac
1953 5274 2062 5328 avaritia

438 5374 576 5442 «mininam
589 5368 683 5423 ueneni
701 5366 811 5420 calicem
826 5370 957 5433 praeparet
970 5361 1058 5425 alicui,
1081 5369 1108 5415 et
1127 5359 1225 5415 oblitus
1279 5372 1304 5418 te
1319 5364 1404 5432 pisces
1425 5359 1596 5430 superabunt.
1618 5358 1671 5412 Sed
1693 5357 1762 5412 iortc
1782 5358 1882 5414 iusnlas
1904 5361 2061 5429 possidebis.

439 5463 548 5517 thim:
568 5470 596 5516 θ,
610 5468 734 5527 tanquam
757 5456 779 5508 sp
795 5453 896 5508 fornum
919 5451 1001 5506 [oniae
1023 5450 1174 5520 qnisquam,
1197 5449 1223 5504 iu
1279 5452 1448 5508 Transccrnle
1468 5459 1496 5503 et
1518 5449 1586 5516 brec,
1600 5457 1660 5518 pete
1679 5459 1707 5504 et
1724 5453 1958 5520 acremqunmuis
1974 5453 2062 5509 uolnrc

438 5572 517 5630 qum
533 5549 789 5627 quisque-inimicus
810 5546 867 5615 ejus
890 5543 1048 5599 intenebris
1069 5540 1225 5604 incidat;et

440 5652 485 5708 illc
498 5650 595 5707 oblitus
608 5643 680 5718 quod
692 5642 803 5705 luderet,
814 5639 952 5695 ambulans
964 5652 995 5692 ea
1008 5636 1050 5690 ria
1069 5633 1143 5704 prior
1162 5634 1224 5689 illuc
1309 5675 1317 5706 ,
1335 5670 1402 5730 md„
1414 5669 1435 5720 81-
1452 5681 1608 5734 „mamm
1624 5668 1719 5719 uectiue
1736 5667 1802 5719 colb.
1813 5626 1938 5731 (megs,-
1952 5684 2062 5735 mquam·

438 5741 524 5796 cadat.
545 5740 669 5799 lborsrn,
681 5734 776 5789 iratres
798 5731 867 5797 mei,
898 5731 933 5783 ita
957 5726 1068 5793 credite,
1095 5726 1132 5779 ita
1157 5727 1222 5780 certi
1307 5731 1781 5801 ¹ntss.:nripruinqnern,qnnnr,etc
1846 5790 1875 5802 Η
1923 5790 1955 5802 ..
1993 5792 1998 5802 .
2035 5791 2040 5801 .

439 5845 525 5891 estote
538 5852 545 5889 ι
560 5834 596 5886 ita
620 5830 643 5884 si
666 5836 708 5884 est
730 5827 757 5881 in
774 5824 848 5879 robis
867 5821 1057 5878 excellentior¹
1076 5817 1222 5888 prudentior
1283 5795 1490 5909 ὡᾙῗῧεῗὲὖ
1502 5792 1563 5855 ΨΜ
1574 5789 1809 5844 mmmm?
1821 5791 1954 5844 Duu'm'l'
1965 5791 2066 5856 “lullus

438 5926 516 5991 ntin,
529 5925 615 5980 ridete
634 5932 713 5992 atquc
725 5916 865 5988 perspicite
877 5931 885 5968 z
898 5913 981 5968 Neruio
995 5912 1079 5966 malus
1098 5926 1150 5964 non
1171 5909 1221 5964 sibi
1275 5890 1286 5910 '
1306 5920 1318 5953 ι
1334 5894 1399 5980 cdd}
1410 5915 1644 5990 combureremus.
1663 5927 1723 5988 ¹nero
1742 5914 1862 5979 plerique,
1874 5914 2060 5975 eminentius:

440 6018 512 6088 prinu
524 6024 611 6071 nocet.
627 6013 671 6069 Sic
684 6011 753 6065 eninr
764 6022 824 6063 csse
837 6015 925 6076 putate
937 6002 1074 6070 malitiam,
1089 5999 1222 6072 quomodo
1275 5983 1340 6096 {iffi
1351 5978 1491 6030 lfflbfflum
1501 5983 1597 6090 9⁰¹¹&
1605 5977 1748 6090 ‘ss'hssneffioeffl
1760 5984 1786 6026 ⁰²
1795 5977 1982 6084 gimunffinffl·
1990 5984 2063 6083 {3332

1335 6056 1384 6107 que
1395 6054 1538 6091 nonnarum
1592 6076 1598 6088 .
1692 6040 1918 6098 .ctlustln.cta1u
1941 6042 1996 6084 cass

434 6124 439 6133 '
467 6120 574 6175 ¹Vatic.
597 6121 641 6171 ils
661 6113 848 6170 excellentioris.
1275 6102 1514 6156 mentalibtariar.

576 6199 877 6289 Perduelllllll'b
1067 6271 1071 6279 ἣ
1121 6274 1124 6279 ,
1161 6207 1172 6272 3
1625 6262 1633 6268 ν
1722 6152 1727 6161 ¹
1830 6175 1964 6254 (Once.)
