5025 6925
1081 565 1115 577 Q

438 700 477 756 sa
888 764 892 776 ¹
1025 687 1273 749 enuntiantem
1294 692 1450 753 esserum
1472 663 1532 754 uns
2037 711 2072 768 nn

440 832 512 885 uns,
525 816 645 886 quonium
656 816 780 869 exaudivit
792 812 911 865 Dorrrinus
921 826 1003 863 uocem
1013 811 1087 878 {letus
1097 808 1154 868 mei,
1163 802 1233 875 quod

440 925 503 965 curn
520 909 544 963 ei
558 892 726 978 peruenerit,
740 921 791 959 non
807 906 901 957 nrirurn
915 912 956 957 est
968 902 1055 970 sijum
1069 901 1104 959 lta
1119 898 1233 967 perlecta

439 1009 484 1053 est
497 1008 524 1053 ιιι
536 1007 596 1054 oret
609 1013 656 1066 qno
667 997 778 1050 inimicis
791 995 854 1048 suis.
867 993 957 1047 Potest
967 1007 1030 1059 ergo
1043 991 1075 1043 ad
1092 991 1141 1042 boe
1155 985 1234 1056 perti·

439 1105 509 1146 nere
527 1087 597 1159 quod
614 1086 695 1152 dixit,
718 1085 889 1146 Erubeseuut,
910 1093 932 1137 et
952 1079 1137 1135 corutdrbentur'
1149 1090 1234 1158 onmes

442 1181 541 1236 inbrrici
563 1180 630 1243 nrei,
651 1188 680 1232 ut
695 1176 728 1231 de
741 1177 857 1246 peccatis
871 1176 927 1230 snis
940 1182 1017 1245 agam
1031 1171 1230 1256 poenitentiarn,

443 1274 516 1345 qruud
528 1272 586 1328 siue
606 1271 760 1326 confusione
774 1270 783 1302 ¹
798 1281 824 1324 et
836 1266 1036 1323 conturbatione
1047 1265 1102 1319 lieri
1117 1278 1168 1318 non
1184 1277 1232 1331 po·

443 1374 507 1420 test.
528 1363 599 1419 liibil
620 1364 707 1433 itaque
728 1360 837 1430 impedit
854 1363 893 1413 sle
909 1359 1027 1427 accipere
1046 1367 1073 1412 et
1087 1355 1149 1410 illud
1162 1354 1232 1425 qnod

442 1456 582 1526 seqnitur,
600 1453 780 1512 conuerteretur
794 1461 815 1505 et
830 1451 990 1513 erubescunt,
1007 1447 1101 1512 idest,
1118 1461 1231 1501 corruer-

443 1560 534 1604 tsntnr
551 1548 584 1603 sd
604 1548 687 1601 Deum
699 1589 706 1610 ‚
718 1556 745 1603 et
756 1546 912 1601 erubescam
928 1559 958 1599 se
974 1545 999 1596 in
1013 1529 1145 1611 prioribus
1159 1549 1233 1595 tene-

442 1641 500 1697 bris
517 1655 684 1713 pecatorum
697 1639 836 1709 aliqnando
849 1638 993 1707 gloriatos:
1008 1636 1076 1691 sicot
1090 1635 1231 1704 Apostolus

446 1731 513 1785 diets
533 1749 541 1786 ι
562 1729 643 1798 Quom
656 1730 722 1783 eninr
733 1729 838 1800 qlorionr
852 1728 971 1781 bubuistis
983 1725 1119 1795 aliqnando
1133 1729 1159 1778 in
1173 1724 1222 1784 bis,

442 1822 569 1892 iniquibus
580 1837 645 1875 nune
659 1819 800 1875 erubescitis
814 1818 901 1889 (Rom.
917 1835 959 1883 vr,
974 1817 1041 1890 etl?
1055 1816 1129 1885 erod
1142 1826 1230 1871 autem

443 1913 561 1977 addidit,
577 1914 649 1968 ratde
661 1913 792 1980 uelociter,
806 1923 853 1967 aut
865 1912 1022 1982 adoptantis
1035 1911 1157 1966 atl'eetum
1167 1952 1175 1975 ,
1185 1918 1231 1964 aru

441 2006 478 2059 ad
492 1993 591 2060 Christi
603 2005 745 2074 potentiam
761 2003 926 2058 referendum
940 2013 996 2068 est,
1011 2002 1054 2071 qni
1068 2010 1160 2072 gentes
1170 2015 1230 2071 qun

443 2111 493 2166 pro
511 2094 589 2149 idolis
606 2095 662 2149 suis
682 2094 906 2168 persequebantur
918 2094 1081 2158 Ecclesiam,
1094 2091 1128 2147 ad
1141 2092 1229 2148 Eran-

441 2187 505 2259 gelii
516 2187 595 2243 fidem
605 2196 676 2242 ιιιιιιιι
687 2178 832 2258 temporum
845 2187 979 2242 celeritate
991 2186 1128 2241 conuertit.

664 2396 706 2457 IN
726 2396 915 2458 PSALMUM
935 2396 992 2456 Vll

725 2516 933 2572 ENAilllATAO.

431 2630 564 2686 Prolatus
578 2632 627 2702 ipsi
639 2630 723 2686 Duen'd
730 2674 737 2697 ‚
751 2648 822 2701 quem
835 2632 942 2685 ctttttuttr't
955 2631 1082 2701 Domino,
1095 2648 1141 2704 pro
1151 2632 1229 2689 uerbis

703 2722 785 2792 :Clrusi
799 2724 847 2791 utin·
859 2722 962 2777 lentini.

481 2833 509 2888 l.
530 2832 605 2905 [sess.
620 2830 659 2907 A]
674 2833 785 2886 ilistoria
800 2832 905 2902 quidem
920 2832 989 2889 unde
998 2834 1164 2889 occasionem
1178 2834 1227 2889 ista

443 2922 579 2991 propbetia
590 2922 712 2989 sumpsit,
727 2923 752 2976 in
765 2922 1035 2989 [legnnrnmseermdo
1044 2922 1111 2978 libro
1119 2923 1152 2993 (ΙΙ
1163 2924 1225 2995 lieg.

444 3011 499 3083 sur)
513 3026 672 3081 cognoscere
685 3012 761 3067 lacile
773 3022 825 3068 est.
839 3013 875 3067 lbi
885 3014 954 3067 enim
966 3012 1063 3078 Chusi,
1075 3014 1176 3068 arnicas
1186 3030 1228 3068 rc»

440 3104 482 3174 gis
504 3103 603 3170 David,
627 3104 765 3158 transitum
787 3102 847 3158 lecit
866 3104 892 3156 in
912 3097 1001 3173 partes
1022 3103 1167 3159 Abessalon
1181 3102 1227 3158 lilii

440 3196 499 3267 ejus
515 3196 560 3266 qui
577 3195 704 3251 aduersus
719 3206 820 3265 putrem
835 3195 933 3250 bellum
947 3195 1072 3265 gerebat,
1086 3195 1119 3249 ad
1134 3195 1228 3266 explo-

440 3285 523 3341 randa
543 3286 652 3341 consilia
670 3295 697 3341 et
716 3271 887 3341 renuntianda
907 3302 965 3355 qun
984 3285 1110 3340 adversus
1126 3295 1227 3357 patrem

441 3379 486 3434 ille
506 3378 664 3435 moliebatur
681 3387 789 3433 arretnre
802 3372 976 3448 Aelritopbel,
990 3380 1034 3449 qni
1047 3378 1180 3435 deiecerat
1192 3377 1227 3433 ab

441 3469 556 3524 amicitia
571 3469 670 3535 Dauid,
683 3479 709 3524 et
722 3468 803 3524 lllium
816 3470 874 3540 ejus
887 3471 1012 3526 aduersus
1025 3482 1125 3541 patrem
1140 3471 1227 3526 eonsi-

442 3562 484 3617 liis
503 3563 597 3632 quibus
617 3571 707 3632 posset
728 3562 882 3617 instruebat.
902 3563 954 3619 Sed
968 3564 1091 3634 quoniam
1105 3580 1156 3618 non
1170 3564 1226 3634 ipsa

441 3653 552 3710 bistoria
570 3655 596 3709 in
614 3655 666 3710 lroe
682 3656 785 3724 psalmo
797 3656 986 3711 consideranda
1000 3667 1039 3712 cst
1051 3657 1084 3712 de
1097 3673 1146 3727 qua
1160 3657 1224 3712 Pro·

441 3746 521 3816 plreta
539 3746 723 3818 mysteriorum
745 3747 863 3802 uelamen
879 3749 1038 3816 assumpsit,
1053 3749 1074 3802 si
1088 3751 1225 3812 transitum

440 3836 473 3890 ad
482 3837 615 3892 Christum
626 3836 1011 3904 lecimus,aurieraturrelamen
1021 3838 1224 3912 (lidentonlb).

440 3927 476 4001 Et
496 3929 580 3997 primo
601 3929 717 3998 ipsorum
731 3929 865 3983 nominum
881 3930 1095 3999 significationem
1110 3931 1225 3985 interro-

439 4033 534 4088 gemus
547 4019 608 4090 quid
621 4020 671 4075 sibi
683 4022 757 4075 uelit.
769 4020 824 4075 Non
835 4020 905 4075 enlm
917 4020 1056 4076 doluerunt
1069 4022 1226 4089 interpretes

439 4109 486 4179 equi
499 4109 555 4165 lutee
567 4112 624 4180 ipsa
636 4127 688 4166 non
702 4112 843 4167 carnaliter
852 4111 885 4165 ad
899 4112 1028 4178 litteram,
1044 4113 1091 4168 sed
1103 4113 1227 4182 spiritua·

439 4202 501 4258 liter
512 4202 717 4274 investigantes,
731 4203 864 4260 edicerent
876 4203 953 4258 nobis
966 4203 1034 4274 qoud
1049 4203 1128 4259 Cbnsi
1141 4204 1225 4258 inter·

438 4300 558 4362 pretetur
577 4292 735 4360 Silentium
755 4295 852 4349 demini
866 4304 971 4359 autem,
986 4296 1101 4360 benten
1116 4294 1225 4350 Aebito·

438 4381 511 4454 phet,
524 4383 624 4440 Fratris
639 4385 725 4440 ruina.
736 4383 836 4453 Quibus
849 4385 1108 4454 interpretationibus
1120 4400 1224 4440 rursum

439 4475 516 4532 nobis
535 4477 645 4532 traditor
665 4477 708 4534 ille
729 4477 809 4533 iudas
824 4479 955 4544 occurrit,
971 4488 999 4532 ut
1010 4477 1153 4534 Abessalon
1167 4477 1225 4548 ejus

439 4568 580 4639 imaginem
590 4578 692 4641 gestet,
707 4570 852 4626 seeundum
864 4570 933 4641 qnod
944 4569 1028 4625 Patris
1036 4586 1086 4640 pax
1096 4572 1225 4641 irrterpre·

440 4667 529 4725 tatnr;
547 4661 608 4730 quia
624 4669 732 4731 pacatus
745 4677 807 4733 erga
821 4661 894 4717 illum
908 4663 1008 4716 exstitit
1021 4671 1112 4732 pater,
1128 4680 1223 4734 quam-

438 4748 480 4802 sis
498 4747 555 4816 ipse
573 4750 641 4806 dolis
658 4749 713 4807 suis
727 4750 824 4807 bellurn
839 4752 948 4808 baberet
960 4752 985 4807 in
1000 4753 1100 4821 corde,
1115 4754 1182 4809 sieut
1196 4753 1223 4809 in

437 4839 541 4909 psalrrm
552 4842 629 4896 tertio
639 4850 778 4897 tractatum
789 4852 829 4897 est
841 4841 888 4916 (a).
900 4843 1125 4910 Querrradmodum
1136 4855 1223 4900 aretem

438 4929 572 4985 invenitur
582 4931 609 4985 in
623 4932 767 5003 Evangelio
782 4933 849 4988 lilios
865 4933 966 4987 Dasmini
978 4933 1060 4988 nostri
1073 4935 1135 4989 iesu
1145 4934 1223 4990 Chri·

437 5021 472 5073 sti
493 5020 579 5075 dictos
600 5037 660 5077 esse
678 5022 820 5093 discipulos
834 5023 939 5096 (liattb.
954 5038 995 5087 rx,
1012 5021 1074 5097 tt),
1088 5024 1127 5080 sie
1140 5025 1166 5079 in
1179 5040 1225 5081 eo·

438 5109 499 5163 dem
519 5110 661 5181 Evangelio
680 5112 811 5168 invenitur
831 5114 909 5169 etiam
928 5113 1023 5170 iratres
1034 5131 1094 5171 esse
1106 5117 1224 5185 appella·

439 5212 499 5267 tos;
521 5217 661 5273 resurgens
681 5205 752 5259 enim
773 5205 899 5259 Dominus
913 5205 966 5259 ait:
984 5203 1051 5260 Vade
1062 5246 1070 5271 ‚
1081 5216 1104 5260 et
1116 5206 1157 5260 die
1171 5208 1225 5279 sre-

438 5295 517 5348 tribus
539 5295 601 5350 neeis
623 5294 709 5366 (ioan.
732 5313 784 5363 xx,
808 5298 868 5369 ll).
888 5308 915 5353 et
933 5299 1075 5369 Apostolus
1088 5315 1148 5354 eum
1161 5299 1225 5357 dicit
1250 5354 1257 5369 ,

439 5388 641 5458 primogenitum
662 5389 688 5442 in
709 5391 797 5443 multis
818 5391 942 5445 lratribus
958 5388 1043 5461 (llum.
1071 5408 1136 5459 unt,
1160 5371 1235 5465 29):⁸

438 5468 560 5546 dls'eipuli
572 5493 635 5548 ergo
648 5478 705 5548 ejus
716 5478 788 5533 ruina
799 5480 842 5550 qrri
852 5496 913 5536 eum
924 5480 1049 5546 tradidit,
1063 5492 1134 5536 recte
1149 5483 1226 5538 intel-

439 5568 531 5637 ligitur
548 5567 648 5624 Fratris
675 5569 768 5633 ruina,
791 5571 861 5640 qnod
884 5571 1040 5642 Acbitopbel
1058 5573 1225 5641 interpretari

438 5660 564 5716 diximus.
577 5661 658 5717 Clausi
673 5670 777 5726 autent,
790 5662 859 5731 qnod
873 5662 1060 5731 interpretatur
1074 5663 1225 5730 Silentium,

439 5764 514 5809 recte
526 5754 653 5824 accipitur
665 5754 791 5807 adversos
803 5754 861 5808 illos
869 5753 945 5808 dolos
956 5755 1095 5810 bominum
1105 5766 1226 5811 nostrum

440 5845 546 5901 silentio
557 5847 714 5907 dinriersse,
728 5844 752 5899 id
766 5852 807 5898 est
819 5845 947 5903 altissimo
966 5862 1068 5907 secreto
1088 5866 1140 5922 quo
1151 5846 1229 5906 cuci.

1292 818 1331 862 uus
1346 826 1379 865 ex
1404 825 1477 881 parte
1496 815 1575 870 lsrael
1590 818 1597 847 ¹
1613 816 1678 871 laeta
1691 827 1742 882 est,
1754 834 1813 874 euru
1825 821 1963 877 [ιοιιιιιιιιιιι
1978 840 2073 895 perse·

1290 902 1456 984 quobnntnr,
1472 914 1499 959 ut
1512 906 1645 976 plenitudo
1657 909 1780 965 Gentium
1807 912 1981 983 subintraret,
1992 927 2019 972 et
2032 919 2072 975 sie

1289 990 1376 1046 ‹nnrns
1399 993 1476 1049 lsrael
1497 997 1680 1053 salruslreret.
1705 1000 1746 1055 Ad
1771 1003 1820 1056 boe
1847 1003 2003 1073 protundum
2027 1023 2073 1064 se·

1289 1083 2073 1164 cretnmatmnrquesitenrtumcnmvenissetupostotus,ex-

1289 1170 1413 1226 elanravit
1425 1176 1498 1242 quasi
1513 1177 1626 1246 quodam
1640 1180 1722 1249 ipsius
1734 1182 1877 1238 altitudinis
1891 1185 2000 1241 horrore
2011 1201 2073 1257 per·

1288 1262 1378 1319 enisus
1392 1282 1398 1317 :
1414 1263 1551 1321 Ouititndo
1561 1269 1704 1323 diuitiarum
1714 1273 1844 1343 sapientise
1855 1286 1878 1329 et
1889 1277 1998 1332 scientie
2013 1278 2071 1345 uer,

1287 1371 1362 1425 quem
1374 1358 1543 1414 inscrutabilia
1557 1373 1612 1416 sunt
1621 1364 1719 1433 jndicio
1732 1367 1795 1435 ejus,
1806 1377 1829 1420 et
1839 1369 2017 1440 incestiqubiles
2026 1372 2074 1426 siut
2150 1381 2155 1391 ¹

1287 1449 1385 1521 ipsius!
1397 1451 1457 1517 Qrtis
1467 1454 1532 1506 euim
1542 1456 1656 1524 eopnooit
1666 1467 1771 1510 mentem
1781 1456 1891 1527 Donrini,
1901 1463 2071 1532 ontqrriseon-

1286 1540 1396 1594 siliorius
1413 1541 1482 1595 illius
1494 1542 1546 1624 suit
1562 1543 1648 1612 (lione
1664 1562 1706 1612 ιιι,
1727 1547 1771 1612 55,
1794 1545 1875 1619 bell?
1894 1551 1927 1603 itu
1948 1566 2071 1629 maguum

1286 1630 1349 1684 illud
1373 1631 1505 1686 silentium
1528 1650 1579 1689 non
1603 1636 1766 1704 expositione
1779 1639 1975 1710 magnanimis,
1990 1658 2071 1712 quum

1285 1720 1458 1777 admiratione
1471 1725 1647 1780 commendat.
1662 1727 1717 1783 Hoc
1728 1730 1832 1785 silentio
1843 1732 1970 1789 bruminus
1983 1749 2073 1789 saera·

1285 1822 1402 1865 utentum
1430 1815 1590 1872 uenerabilis
1615 1819 1744 1886 passionis
1769 1821 1923 1887 occultans,
1947 1823 2071 1879 volunta·

1285 1901 1351 1956 riam
1363 1904 1464 1957 ruinam
1478 1905 1580 1967 fratris,
1596 1907 1689 1975 idest,
1702 1910 1828 1965 netarium
1841 1913 1927 1967 scelus
1938 1914 2072 1969 traditoris

1284 1995 1341 2063 sui,
1365 1996 1391 2050 iu
1406 2012 1460 2051 snae
1474 1999 1661 2054 misericordiae
1674 2010 1752 2072 atque
1766 2003 1937 2072 providentiae
1949 2005 2072 2061 ordinem

1283 2091 1380 2154 vertit;
1401 2099 1431 2143 ut
1449 2090 1519 2160 qrrod
1531 2092 1574 2147 ille
1588 2092 1620 2145 ad
1635 2095 1776 2161 perniciem
1793 2095 1869 2150 nnius
1883 2095 1996 2151 bominis
2009 2112 2071 2167 por·

1283 2191 1359 2234 uersa
1375 2190 1463 2237 mente
1477 2182 1606 2250 iaciebat,
1621 2184 1670 2238 iste
1683 2187 1716 2239 ad
1730 2186 1840 2240 salntem
1853 2188 1970 2242 omnium
1985 2187 2071 2243 bonsi-

1283 2285 1347 2325 num
1372 2270 1480 2340 prouida
1505 2272 1693 2342 gubernatione
1718 2275 1859 2329 conlerret.
1885 2276 1979 2331 Ειιιιιι
2005 2293 2071 2348 ergo

1284 2361 1416 2418 Psalmum
1432 2363 1542 2418 Domino
1562 2364 1647 2417 anima
1659 2363 1784 2435 perlecta,
1799 2381 1857 2436 qnae
1871 2367 1924 2435 jam
1939 2367 2016 2438 dignu
2029 2376 2071 2425 est

1284 2470 1363 2509 nosse
1382 2464 1513 2510 secretum
1538 2456 1603 2521 llei;
1626 2465 1713 2510 cnrrtat
1737 2474 1782 2525 pro
1801 2457 1879 2512 uerbis
1897 2457 1974 2513 Cirrrsi
1985 2502 1992 2526 ,
2004 2456 2070 2530 'quia

1283 2548 1380 2603 meruit
1394 2563 1472 2603 nosse
1483 2548 1561 2603 rerba
1574 2548 1643 2603 illius
1653 2550 1759 2605 silentii.
1775 2552 1851 2621 Apud
1866 2553 1983 2609 infideles
1998 2554 2069 2609 enim

1282 2650 1310 2695 et
1326 2646 1527 2709 persecutores,
1549 2639 1681 2694 silentium
1695 2649 1735 2695 est
1750 2642 1813 2696 illud
1825 2651 1903 2712 atque
1916 2653 2045 2698 secretum
2061 2659 2069 2698 ε

1282 2732 1352 2801 apud
1373 2747 1434 2814 suos
1454 2742 1541 2787 nutem
1551 2743 1563 2796 ,’
1578 2734 1673 2803 qulbus
1690 2734 1788 2789 dictum
1806 2744 1845 2791 est
1858 2777 1866 2802 ,
1879 2733 1938 2789 iarn
1952 2754 2001 2790 non
2013 2735 2070 2792 diso

1282 2838 1324 2877 uos
1343 2841 1443 2889 savos,
1468 2826 1527 2895 quio
1550 2842 1634 2879 seruus
1660 2828 1736 2880 nescit
1762 2828 1824 2896 quid
1849 2828 1926 2898 sutae
1946 2828 2070 2900 Dominus
2143 2881 2147 2894 ,

1282 2917 1356 2984 ejus,·
1375 2932 1417 2970 uos
1430 2926 1514 2970 autem
1527 2917 1580 2970 disi
1594 2917 1706 2983 anticos,
1720 2919 1778 2986 turtio
1792 2920 1876 2972 omniu
1886 2935 1942 2990 qutu
1955 2920 2040 2973 audiui
2053 2935 2070 2974 u
2095 2982 2099 2989 Ι

1282 3006 1361 3061 Putre
1381 3024 1452 3071 oreo,
1472 3017 1532 3061 noto
1543 3008 1592 3079 [eci
1604 3007 1671 3061 nobis
1685 3006 1772 3079 (doun.
1785 3025 1836 3074 xv,
1852 3010 1894 3080 ts)
1908 3010 1994 3080 :apud
2004 3010 2070 3065 arrui-

1282 3111 1329 3151 oos
1349 3111 1413 3168 ergo
1433 3096 1490 3166 ejus
1511 3112 1562 3152 non
1582 3108 1623 3152 est
1635 3097 1786 3165 silentium,
1800 3093 1940 3153 sed'rerba
1954 3100 2067 3171 silentii,

1282 3188 1308 3243 id
1327 3199 1378 3255 est,
1388 3188 1455 3244 ratio
1468 3188 1585 3258 exposita
1597 3197 1624 3244 ot
1637 3190 1775 3244 manilesta
1790 3190 1860 3244 illius
1873 3190 1979 3245 silentii.
1993 3190 2069 3258 Quod

1282 3282 1434 3346 silentium,
1457 3281 1482 3335 ld
1496 3289 1538 3337 est
1550 3278 1646 3346 Cbnsi‚
1661 3281 1757 3336 dicitnr
1782 3280 1850 3336 lilius
1861 3281 1973 3350 lentini,
1988 3283 2069 3339 idest

1281 3372 1370 3429 dextri
1397 3391 1404 3427 :
1429 3389 1481 3429 non
1501 3374 1571 3429 enlm
1592 3373 1804 3428 abscondendum
1818 3382 1875 3429 erat
1888 3377 1984 3430 sancus
1998 3373 2068 3446 quod

1282 3479 1330 3536 pro
1349 3465 1401 3521 illis
1419 3473 1522 3536 gestum
1535 3474 1585 3520 est.
1601 3464 1636 3519 Et
1649 3473 1736 3520 tamen
1753 3463 1872 3531 Nesciat,
1888 3465 1989 3536 inquit,
2004 3466 2068 3521 sirri-

1280 3567 1333 3613 stro
1347 3558 1407 3629 quid
1418 3558 1494 3629 sarim
1506 3557 1595 3612 dextro
1609 3555 1712 3629 (uniet.
1726 3572 1762 3623 ut,
1773 3555 1814 3625 ὃ).
1823 3555 1900 3611 (latuit
1909 3572 1971 3628 ergo
1980 3557 2067 3616 anima

1281 3653 1397 3724 perlecta
1421 3651 1447 3706 in
1469 3651 1623 3720 prophetia,
1646 3649 1688 3704 cui
1706 3657 1835 3704 secretum
1850 3649 1914 3704 iliud
1937 3651 2067 3718 innotuit,

1281 3762 1328 3816 pro
1351 3745 1430 3799 serbis
1453 3741 1547 3809 Clausi,
1569 3741 1595 3797 id
1607 3750 1648 3797 est
1662 3755 1710 3812 pro
1722 3740 1872 3811 cognitione
1892 3741 2008 3820 ejusdem
2022 3757 2068 3799 se·

1281 3836 1365 3902 ereti;
1391 3833 1461 3905 qnod
1488 3843 1619 3889 secretum
1644 3832 1738 3888 dexter
1763 3833 1852 3899 Deus,
1875 3833 1900 3888 id
1923 3834 2068 3892 estlavens

1280 3937 1359 3998 atquo
1380 3927 1508 3997 propitius
1528 3925 1571 3991 ei,
1596 3933 1720 3995 operatus
1740 3933 1781 3980 est
1795 3943 1801 3978 ι
1816 3938 1898 3995 quaro
1914 3924 1965 3980 boe
1983 3926 2066 3980 stien-

1281 4022 1345 4074 tiom
1368 4019 1449 4074 Filius
1471 4018 1556 4074 dextri
1576 4017 1742 4088 appellatur,
1757 4016 1827 4086 quod
1850 4025 1891 4071 est
1910 4014 2003 4080 Clausi,
2019 4014 2067 4085 pilii

1279 4109 1393 4165 Jentt'ni?

1314 4204 1340 4258 ι.
1356 4202 1430 4276 [oens.
1445 4201 1473 4265 2,
1489 4200 1528 4274 A]
1548 4200 1656 4255 Dauniae
1671 4198 1738 4253 bens
1759 4215 1837 4263 naeus,
1855 4198 1880 4251 in
1900 4207 1924 4250 te
1946 4198 2045 4277 sperabi
2054 4214 2064 4263 ,·

1279 4297 1375 4351 saluum
1394 4311 1433 4348 nte
1452 4298 1493 4366 [ue
1505 4309 1536 4347 en
1547 4292 1661 4345 munibus
1673 4289 1871 4361 persequentibus
1894 4305 1942 4354 me,
1963 4299 1985 4344 et
1999 4290 2067 4361 eripe

1280 4405 1327 4442 me.
1349 4387 1485 4456 Tanquam
1504 4385 1547 4439 cui
1568 4399 1620 4438 non
1645 4391 1727 4438 restat
1737 4381 1792 4452 jam
1809 4380 1923 4459 perlecto
1937 4384 1947 4414 ¹
1962 4383 2011 4436 nisi
2024 4381 2066 4437 in·

1279 4478 1355 4534 ultius
1367 4477 1497 4540 diabolus,
1509 4481 1633 4544 superato
1646 4473 1716 4527 omni
1728 4471 1798 4527 bello
1811 4480 1891 4541 atque
1903 4471 2063 4529 aduersitate

1278 4572 1412 4635 vitiorum,
1424 4570 1488 4625 dicit
1503 4586 1510 4622 ι
1527 4567 1631 4623 Saluum
1645 4582 1684 4620 nse
1695 4564 1739 4636 [oe
1750 4581 1781 4619 es
1792 4563 1906 4618 erunibus
1918 4581 2065 4635 persequen-

1279 4666 1344 4720 tibus
1354 4681 1402 4729 me,
1414 4672 1439 4718 et
1453 4662 1520 4732 eripe
1535 4677 1574 4713 nse
1589 4675 1598 4713 :
1617 4658 1748 4729 siemundo
1763 4657 1846 4726 rapiet
1858 4667 1885 4710 ιιι
1901 4657 1938 4711 leo
1951 4659 2061 4712 oninium

1278 4772 1369 4811 meunt.
1392 4754 1460 4809 Dicit
1481 4750 1624 4820 Apostolus
1645 4749 1830 4803 :Aduersurins
1848 4759 1926 4803 uester
1946 4749 2062 4806 diabolus

1278 4859 1397 4919 tunquam
1418 4846 1457 4902 leo
1469 4845 1569 4916 rugiens
1583 4842 1681 4908 cirerrr't,
1700 4856 1813 4912 quaerens
1833 4856 1906 4907 quern
1918 4838 2016 4893 deuoret
2031 4842 2041 4911 ι
2051 4839 2062 4896 Ι

1280 4939 1350 4993 Petr.
1365 4953 1393 5003 v,
1408 4937 1446 5004 8).
1462 4934 1551 5005 ltaque
1561 4949 1622 4988 euru
1636 4932 1736 5008 diecret
1757 4945 1803 5001 per
1824 4929 1951 4998 pluralem
1966 4944 2062 4987 nume·

1278 5047 1351 5086 runt:
1372 5028 1477 5084 Saluum
1491 5042 1530 5080 me
1549 5028 1590 5096 [uc
1610 5040 1640 5078 es
1657 5008 1773 5076 omnibus
1785 5020 1983 5092 persequentibus
2004 5037 2062 5088 ms,

1277 5121 1436 5194 singularem
1450 5129 1540 5190 postea
1555 5115 1642 5171 intulit
1662 5114 1763 5177 dicens,
1787 5112 1918 5183 nequando
1937 5114 2020 5184 ropiut
2033 5122 2062 5168 ιιι

1278 5217 1316 5272 teo
1330 5217 1440 5270 uninsnm
1457 5227 1537 5265 meone
1550 5225 1559 5264 :
1572 5223 1625 5263 non
1640 5203 1770 5272 enimait,
1784 5202 1925 5273 nequando
1939 5203 2062 5274 rapiant,

1278 5309 1364 5364 sciens
1386 5304 1445 5375 quis
1466 5298 1592 5358 restiterit
1612 5296 1744 5358 inimicus,
1768 5302 1795 5350 el
1819 5293 1942 5364 perlectae
1963 5295 2060 5351 animae

1278 5399 1449 5455 uehementer
1462 5391 1597 5447 aduersus.
1615 5386 1681 5440 Dum
1691 5403 1740 5439 uon
1754 5394 1788 5439 est
1801 5386 1844 5455 qui
1853 5386 1969 5452 redimat,
1983 5400 2062 5457 nepte

1278 5491 1320 5561 qui
1339 5488 1433 5543 saluum
1449 5482 1525 5554 [neiat
1537 5495 1547 5534 .·
1559 5477 1585 5533 ld
1606 5487 1657 5543 est,
1672 5491 1705 5532 ne
1718 5477 1762 5532 ille
1777 5477 1871 5547 rapiat,
1886 5475 1949 5531 dum
1962 5487 1989 5531 tu
2008 5491 2060 5532 nou
2090 5518 2093 5525 ,

1279 5579 1388 5637 redimis
1402 5591 1487 5644 neque
1501 5571 1601 5628 saltum
1624 5570 1705 5637 laels;
1722 5569 1744 5624 si
1759 5563 1829 5625 enim
1845 5570 1912 5626 [leus
1922 5584 1975 5624 non
1997 5568 2045 5625 red
2054 5599 2063 5609 „

1281 5675 1345 5730 irnat
1358 5685 1443 5741 neque
1455 5668 1556 5723 saltum
1572 5666 1658 5729 laetat,
1671 5665 1716 5719 ille
1730 5664 1807 5733 rapit.

1315 5767 1341 5822 5.
1356 5761 1430 5838 [reis.
1444 5762 1471 5825 l,
1487 5757 1526 5832 5.]
1541 5759 1572 5812 tu
1583 5765 1610 5812 ιιι
1624 5755 1791 5812 manilestom
1806 5757 1840 5811 sit
1851 5756 1905 5826 jam
1918 5755 2061 5826 perlectam

1281 5860 1395 5914 arrirnam
1411 5855 1461 5909 boe
1474 5852 1572 5915 dicere,
1588 5849 1630 5905 eui
1643 5849 1726 5903 solius
1740 5848 1837 5903 diaboli
1853 5848 2062 5903 fraudulentissi·

1234 5939 1243 5961 ⁶
1282 5966 1332 6006 mse
1345 5945 1445 6003 insidiae
1464 5941 1588 5999 canendae
1606 5949 1676 6004 sunt,
1693 5939 1752 5993 vide
1765 5937 1827 6008 qnid
1842 5946 1967 6008 sequatur
1984 5953 1992 5990 :
2007 5935 2062 5992 Βι-

472 6036 560 6091 lton..
572 6031 724 6096 walesdune.
739 6035 809 6080 ntur.
831 6037 858 6080 et
880 6030 952 6080 nestri
973 6041 1047 6093 prope
1068 6041 1154 6079 ornnes
1165 6037 1229 6093 um,

443 6098 583 6160 minume.

472 6159 631 6226 (affinsrrjn
640 6156 699 6207 t‘sal.
712 6166 746 6214 ut,
756 6166 780 6200 n.
792 6151 815 6201 ί·

1314 6087 1357 6134 ¹tn
1366 6083 1445 6138 editis.
1458 6077 1552 6130 sectus
1561 6077 1586 6126 in
1597 6074 1679 6127 tunel.
1689 6074 1761 6125 tbest
1771 6071 1796 6127 iu
1825 6072 1879 6122 llus.

1218 6160 1220 6165 ·
1314 6151 1393 6198 ttres
1404 6145 1619 6208 ttss.,perserutor.
1709 6150 1711 6154 ⁴
