5025 6925
446 668 500 728 225

447 792 540 855 aperte
551 796 598 837 eur
612 794 663 835 non
683 778 818 844 dieamus,
833 776 876 832 rel
889 775 995 849 mando
1006 775 1137 846 psalmum
1149 790 1233 846 crpo-

447 872 557 930 nimusl
576 872 609 929 Et
620 872 642 928 si
655 870 715 925 aliis
728 870 796 927 lorte
810 867 971 940 temporibus
983 866 1073 923 dicere
1087 881 1139 922 non
1152 865 1233 922 aude-

422 1026 426 1039 ,
448 980 523 1028 ntus,
537 962 629 1017 saltem
645 961 790 1016 necessitas
803 958 953 1029 exponendi
967 958 1063 1034 babeat
1084 958 1232 1015 libertatern

362 1107 364 1110 .
448 1052 617 1126 corripiendi.
631 1053 716 1122 Super
729 1069 825 1117 omnes,
837 1051 931 1121 inquit,
945 1051 1059 1106 inimicos
1071 1066 1139 1105 nuos
1151 1053 1234 1124 {artus

446 1163 503 1203 sum
521 1144 693 1216 opprobrium.
711 1144 749 1202 lle
769 1143 866 1198 talibus
884 1141 949 1198 dicit
967 1142 1104 1212 apostolus
1123 1141 1231 1197 Petrus:

424 1225 431 1246 ‘
447 1236 529 1295 Faet'a
541 1248 599 1295 sunt
618 1237 671 1293 iilis
683 1236 822 1309 posteriora
842 1236 966 1292 deteriora
980 1235 1105 1307 prioribus
1119 1251 1128 1291 .·
1142 1235 1231 1290 arelius

446 1332 514 1387 eninr
534 1338 588 1386 erat
607 1329 660 1385 iliis
681 1346 732 1384 non
752 1344 900 1401 cognoscere
925 1328 991 1381 oium
1010 1326 1132 1397 iustitia,
1154 1342 1230 1396 quant

446 1422 651 1497 cognoscentibus
675 1431 811 1478 retrorsum
831 1420 925 1491 reflecti
937 1436 954 1473 a
967 1420 1059 1475 tradito
1078 1418 1124 1476 sibi
1145 1428 1231 1479 sancto

448 1518 579 1574 nsarsdato.
596 1517 663 1575 Cant
678 1515 751 1583 dicit,
773 1512 866 1571 Helius
880 1524 934 1571 erat
953 1514 1005 1570 iilis
1022 1530 1072 1569 non
1086 1528 1235 1585 coquosrere

447 1610 514 1663 naor
526 1608 649 1676 iustitie,
663 1621 751 1664 nonne
760 1606 887 1678 indicavit
902 1606 1027 1663 meliores
1038 1620 1099 1660 esse
1113 1604 1234 1659 inimicos

450 1702 517 1762 loris
530 1702 641 1774 positos,
658 1717 736 1773 quatu
749 1702 820 1758 intus
832 1700 901 1757 male
915 1701 1047 1765 viventes,
1063 1698 1159 1771 quibus
1175 1714 1235 1767 pre·

448 1794 529 1849 mitur
540 1803 567 1849 et
578 1802 703 1864 gravatur
714 1790 849 1847 Ecclesia?
863 1789 966 1855 ιΙιιΙιι,
980 1789 1075 1860 inquit,
1087 1789 1139 1844 iilis
1151 1791 1235 1858 [uena

449 1900 501 1939 non
524 1895 673 1957 cognoscere
697 1885 762 1940 nans
783 1884 909 1954 justitie,
932 1900 1008 1955 quana
1030 1882 1234 1955 coqnoscentibus

448 1986 585 2032 retrorsum
598 1977 693 2048 repiecti
705 1994 720 2031 a
730 1977 823 2032 tradito
841 1977 888 2033 sibi
906 1987 992 2032 saneto
1011 1976 1141 2030 mmvdato.
1155 1976 1235 2031 besn-

448 2083 501 2136 qne
515 2067 573 2123 vide
586 2083 665 2139 quam
684 2067 803 2124 horribili
816 2068 854 2123 rei
873 2083 921 2124 eos
934 2068 1098 2137 comparavit
1112 2085 1118 2119 :
1131 2065 1235 2121 Contio·

447 2160 483 2228 qit
505 2159 557 2215 iliis
578 2175 618 2215 res
638 2160 690 2214 oeri
712 2160 836 2232 prouerbii
847 2200 855 2225 ,
877 2156 955 2216 Canis
977 2175 1090 2213 reuersum
1108 2158 1144 2212 ad
1162 2173 1236 2213 sunna

448 2250 568 2307 uomitum
582 2248 622 2322 (ll
633 2246 704 2303 Patr.
718 2265 745 2314 n,
759 2248 869 2319 ill-22).
885 2249 944 2305 lstis
959 2250 1047 2319 itaque
1061 2248 1157 2303 talibus
1173 2262 1234 2303 cum

446 2339 500 2393 sint
523 2339 608 2410 plene
631 2339 777 2407 Ecclesiae,
801 2354 890 2396 noune
914 2341 1045 2397 veraciter
1069 2340 1123 2396 illic
1144 2339 1236 2396 dicunt

446 2430 540 2501 pauci,
558 2430 613 2488 imo
626 2446 659 2488 ex
672 2446 815 2503 paucorum
830 2446 896 2488 roee
917 2433 973 2501 ipsa
988 2431 1106 2488 Ecclesia
1121 2431 1228 2502 :Super

446 2535 531 2573 omnes
544 2520 659 2577 inimicos
671 2537 737 2577 meos
757 2525 839 2593 [actus
851 2538 908 2576 suns
920 2524 1082 2593 opprobrium
1097 2566 1104 2588 ‚
1116 2531 1139 2578 et
1149 2523 1236 2578 ricinis

446 2610 509 2665 ntet't
522 2610 637 2676 nhrrissm,
653 2619 677 2665 et
688 2611 762 2665 timor
774 2612 839 2666 notis
850 2612 925 2666 onds?
938 2612 1034 2668 ticinis
1046 2614 1113 2667 sneis
1123 2612 1234 2668 ninnium

449 2702 717 2773 opprobriumlactns
731 2717 801 2768 sum,
815 2703 911 2770 idest,
926 2703 972 2774 qui
989 2704 1052 2758 milri
1067 2704 1121 2774 jam
1136 2719 1234 2775 appro-

448 2792 612 2862 pinquabant
631 2800 670 2847 ut'
684 2792 823 2850 crederent
842 2811 849 2847 ι
868 2793 924 2854 hoc
945 2802 996 2857 est,
1017 2794 1096 2849 vicini
1119 2796 1171 2850 mei
1192 2794 1235 2850 ni-

449 2885 531 2940 mium
544 2884 666 2941 deterriti
680 2894 756 2954 sunt,
772 2885 842 2941 mala
856 2887 908 2941 vita
924 2887 1052 2943 naulorum
1068 2896 1096 2943 et
1109 2888 1235 2943 laisorutn

448 2974 663 3033 christianorum.
688 2976 773 3044 Quam
795 2977 893 3033 multos
912 2977 983 3034 enim
1008 2979 1115 3047 putatis,
1140 2977 1235 3036 tratres

447 3068 512 3137 snei,
531 3069 600 3125 relle
620 3082 681 3125 esse
702 3068 871 3137 christianos,
893 3069 940 3125 sed
964 3068 1062 3125 offendi
1081 3071 1158 3127 malis
1178 3086 1235 3127 rno-

447 3160 523 3219 ribus
542 3161 769 3218 christianorum?
788 3160 840 3233 lpsi
861 3169 923 3217 sunt
944 3161 1022 3216 vieini
1045 3162 1090 3233 qui
1109 3162 1164 3233 jorn
1185 3179 1234 3233 ap·

448 3253 679 3327 propinquabant,
709 3263 736 3311 et
765 3254 875 3310 nimium
905 3254 1077 3325 opprobrium
1108 3255 1158 3310 illis
1185 3256 1235 3310 visi

446 3356 549 3406 suarm.

483 3435 510 3491 7.
523 3433 722 3510 [itemoers.l2.]
740 3435 826 3491 Timor
839 3435 921 3506 [nctus
939 3452 996 3491 suns
1006 3436 1071 3492 uotis
1081 3437 1152 3490 areis
1167 3434 1234 3503 Quin

446 3535 501 3583 lant
517 3528 683 3585 timendum?
696 3526 794 3593 Timor,
809 3528 902 3598 inquit,
917 3526 998 3596 ιιιιιιι
1011 3544 1067 3583 sunt
1081 3528 1147 3583 notis
1161 3527 1232 3589 roseis.

448 3618 517 3686 Quid
533 3628 587 3675 tam
601 3619 758 3685 timendam,
772 3633 850 3689 quarn
865 3633 924 3674 cunr
943 3617 1016 3674 videt
1038 3618 1119 3674 homo
1137 3619 1234 3674 multos

446 3711 517 3767 ntale
536 3711 672 3779 viventes,
699 3709 785 3766 etde
812 3709 908 3780 quibus
935 3709 1004 3765 bene
1023 3709 1179 3780 sperabatur
1207 3710 1234 3764 in

445 3802 537 3859 multis
556 3802 700 3860 malefactis
709 3801 849 3859 inventos?
864 3800 950 3855 Timet
959 3801 1067 3856 octales
1078 3801 1131 3855 sint
1140 3815 1234 3857 omnes

447 3909 514 3964 quos
526 3893 636 3964 putabat
660 3893 759 3956 bonos,
785 3901 812 3947 et
833 3890 977 3959 veniuntin
990 3891 1166 3961 suspicionem
1181 3908 1234 3946 ma·

448 3974 508 4037 lam
518 3997 601 4054 prope
613 3998 706 4039 oannes
713 3981 788 4043 bosri.
800 3979 892 4048 Qualis
900 3981 958 4034 viri
971 3980 1104 4052 quomodo
1113 3981 1233 4037 cecidit?

447 4074 581 4144 quomado
595 4074 717 4129 inventus
731 4081 773 4130 est
785 4073 811 4127 in
824 4073 869 4127 illa
883 4071 1054 4144 turpitudine,
1071 4072 1096 4126 in
1117 4072 1163 4128 illo
1175 4088 1232 4128 sce-

447 4166 514 4234 lere,
529 4167 556 4221 in
569 4166 616 4222 illo
627 4166 696 4223 iacto
708 4164 796 4220 maloi
809 4173 885 4235 putas
899 4180 952 4221 non
966 4163 1032 4219 tales
1046 4173 1108 4218 surtt
1120 4165 1232 4220 omnesi

445 4258 502 4314 lloc
514 4270 556 4316 cst
568 4260 643 4314 timor
656 4261 721 4313 erotis
735 4259 807 4324 oseis,
821 4267 851 4314 ut
869 4269 895 4313 ct
912 4258 977 4327 ipsis
995 4256 1091 4328 quibus
1113 4258 1168 4311 noti
1187 4273 1232 4313 su·

445 4365 514 4413 satus,
530 4350 684 4422 plerumque
697 4351 723 4406 in
737 4350 845 4407 dubium
856 4351 1003 4406 veniamus.
1018 4350 1051 4405 Et
1065 4351 1114 4406 nisi
1130 4359 1231 4407 tecon÷

444 4442 543 4496 soletur
551 4440 621 4509 quod
630 4457 669 4507 es,
680 4441 701 4495 si
716 4441 814 4511 aliquid
826 4456 865 4506 cs,
879 4455 931 4495 non
946 4441 1034 4496 credis
1046 4456 1106 4496 csse
1118 4441 1231 4501 alterum

445 4531 535 4585 talern.
551 4531 710 4585 Consolatur
724 4531 857 4586 hominem
878 4532 1077 4602 qualiscumque
1091 4533 1230 4588 etruscien-

444 4626 489 4686 tia,
506 4632 534 4677 ut
546 4621 617 4677 dieat
629 4621 679 4676 sibi
693 4621 772 4675 bromo
782 4622 825 4690 qui
839 4621 906 4678 hene
920 4623 983 4677 vivit
999 4641 1005 4675 :
1020 4621 1042 4678 0
1056 4633 1082 4677 tu
1093 4624 1137 4692 ιιι
1152 4625 1231 4679 molo

444 4715 546 4772 vereris
559 4729 593 4769 ne
608 4713 674 4769 tales
688 4713 740 4766 sint
753 4727 855 4778 omnes,
880 4722 907 4768 tu
932 4713 992 4769 talis
1012 4714 1061 4769 esi
1080 4713 1231 4782 Respondet

1035 658 1063 716 S.
1083 656 1267 716 tbbbsttttt
1286 655 1436 715 habebut

2018 654 2076 715 iii

1287 772 1477 847 ignoscendum
1487 784 1558 834 esset
1566 778 1588 833 si
1602 774 1673 833 laras
1683 775 1810 848 legissent
1824 790 1838 829 a
1852 790 1895 830 me
1907 771 1952 846 qnl
1966 788 2022 829 non
2032 774 2076 829 rl·

1287 867 1384 924 debant
1397 883 1440 924 me
1454 885 1462 923 r
1477 869 1557 925 etiarn
1570 868 1614 939 qui
1628 867 1751 929 videbant
1764 883 1816 933 me,
1831 864 1902 924 laras
1919 862 2077 937 ingerente

1286 957 1429 1016 nasedai
1443 959 1488 1029 qui
1500 974 1542 1014 me
1552 975 1604 1015 non
1614 960 1747 1028 videbant,
1761 959 1833 1015 laras
1845 956 1969 1030 sugerunt
1987 972 2004 1012 a
2030 972 2074 1013 ma

1287 1056 1350 1120 (saec
1358 1051 1497 1110 dicendum
1507 1062 1557 1118 est,
1568 1047 1784 1126 lornsluge'runt;
1797 1053 1856 1126 quia
1868 1053 1937 1107 intus
1949 1067 2002 1110 non
2017 1052 2074 1110 lue·

1286 1154 1348 1197 runt
1363 1160 1369 1196 :
1386 1144 1408 1199 si
1430 1145 1501 1201 intus
1514 1145 1583 1200 eninr
1602 1143 1723 1211 inissent,
1736 1144 1865 1201 vidissent
1876 1159 1940 1211 me,
1957 1142 1984 1199 id
2009 1153 2075 1209 est,

1286 1235 1470 1304 cognovissent
1490 1249 1587 1306 corpus
1614 1234 1723 1303 Christi,
1742 1236 1928 1306 cognovissent
1954 1232 2077 1291 membra

1286 1326 1395 1392 Christi,
1406 1329 1590 1399 cognovissent
1604 1329 1730 1385 unitatem
1743 1328 1851 1401 Christi)
1863 1346 1870 1381 r
1882 1329 1946 1412 illud
1959 1338 2005 1386 est
2016 1343 2078 1384 sna·

1285 1420 1325 1488 gis
1338 1419 1513 1490 gemendum,
1528 1419 1594 1476 illud
1608 1422 1716 1476 omnino
1731 1421 1904 1486 intolerabile,
1923 1421 1985 1493 quis
2000 1421 2077 1480 malti

1286 1510 1331 1579 qui
1349 1511 1470 1569 viderunt
1493 1529 1546 1581 nte,
1562 1513 1633 1570 loras
1657 1514 1781 1586 legerunt
1796 1530 1811 1570 a
1835 1530 1889 1580 me,
1904 1516 2007 1583 idest,
2029 1519 2077 1590 qul

1286 1596 1466 1673 cognorerunt
1486 1605 1548 1676 qnid
1567 1614 1639 1662 esset
1661 1606 1799 1674 Ecclesia,
1815 1607 1938 1664 exierunt
1951 1607 2036 1670 laras,
2048 1620 2077 1664 et

1286 1694 1436 1753 haereseset
1445 1696 1587 1753 schismata
1594 1706 1686 1753 eontra
1696 1699 1840 1754 Ecclesiam
1851 1699 1981 1755 lecerunt,
1991 1698 2077 1755 lindie

1287 1787 1420 1843 homiuem
1431 1789 1544 1855 ivrrenis,
1553 1790 1626 1846 verbi
1636 1791 1732 1862 gratia,
1743 1801 1833 1847 natum
1844 1792 1868 1846 in
1879 1802 1952 1862 parte
1964 1791 2073 1851 ὓοιιιιὶ.

1287 1878 1371 1933 nescit
1383 1878 1446 1949 qnid
1465 1880 1499 1935 sit
1513 1879 1642 1944 Ecclesia,
1657 1881 1702 1936 ubi
1722 1889 1798 1936 natus
1812 1894 1852 1936 est
1866 1891 1938 1936 tenet
1951 1898 1958 1934 τ
1970 1896 2026 1936 non
2036 1881 2076 1937 illi

1277 1961 1377 2024 'evellis
1390 1970 1606 2025 consuetudinem
1622 1986 1700 2042 quam
1713 1971 1784 2027 suxit
1795 1987 1854 2025 curn
1870 1970 1938 2026 laete
1952 1972 2074 2028 nutricis.

1287 2058 1383 2127 llluns,
1403 2059 1475 2114 ittam
1493 2060 1526 2115 da
1538 2060 1582 2131 qui
1604 2060 1718 2116 volvitur
1736 2061 1853 2132 quotidie
1868 2061 1893 2115 in
1908 2061 2074 2133 scripturis,

1287 2149 1331 2218 qni
1353 2150 1426 2219 legit,
1439 2150 1482 2220 qui
1499 2151 1644 2221 praedicat:
1662 2151 1732 2206 itane
1747 2151 1851 2207 tandem
1868 2168 1920 2207 nnn
1935 2153 1969 2207 ihi
1983 2153 2074 2219 ridel,

1287 2237 1395 2296 Postula
1408 2258 1424 2294 a
1437 2258 1486 2306 sne,
1498 2253 1520 2295 et
1531 2241 1596 2297 dabo
1607 2243 1650 2296 tibi
1661 2241 1751 2297 Gentes
1767 2242 1937 2299 itarrditotens
1954 2255 2035 2311 tuam,
2051 2255 2076 2301 et

1287 2333 1467 2404 poemenionem
1480 2342 1550 2389 tuom
1561 2335 1681 2389 bernoinus
1693 2344 1766 2389 terroe
1777 2333 1861 2407 (Psoi.
1872 2351 1901 2401 tt,
1913 2333 1960 2407 8)?
1973 2353 2028 2392 non
2038 2336 2075 2394 ibl

1288 2409 1370 2489 videt,
1382 2423 1657 2494 Conantemorobuntur,
1673 2436 1697 2482 et
1707 2436 1878 2482 connotantur
1890 2429 1924 2483 ad
1937 2427 2076 2488 Dominum

1287 2517 1396 2570 uulneri
1405 2516 1469 2586 finos
1479 2525 1562 2585 terrae,
1578 2526 1601 2573 et
1614 2517 1755 2572 manabunt
1765 2518 1791 2571 in
1804 2530 1937 2589 conspectu
1950 2522 2006 2592 qus
2018 2522 2078 2577 uni·

1287 2623 1364 2662 uersos
1375 2609 1464 2678 patriae
1473 2609 1583 2680 qentirmr
1600 2608 1684 2682 (Psoi.
1700 2626 1756 2675 ιιι,
1770 2610 1816 2681 bs)
1828 2609 1839 2665 l
1852 2611 1880 2670 Si
1893 2612 1966 2669 vides
1981 2612 2017 2668 ibi
2036 2627 2078 2672 to-

1288 2700 1339 2754 tius
1351 2700 1424 2755 orbis
1438 2702 1575 2767 unitatem,
1597 2701 1658 2772 quid
1674 2700 1746 2758 laras
1761 2701 1843 2775 logis,
1865 2713 1893 2759 nt
1915 2720 1969 2761 non
1987 2708 2075 2763 solunt

1287 2790 1344 2861 ipse
1356 2792 1474 2861 patiaris,
1486 2806 1576 2848 verum
1592 2804 1619 2848 et
1630 2792 1689 2849 aliis
1700 2795 1780 2849 laeias
1791 2795 1957 2851 caecitatem?
1973 2796 2024 2865 Qui
2036 2800 2076 2853 ri·

1287 2880 1377 2935 debant
1389 2897 1438 2947 me,
1453 2881 1478 2936 ivl
1492 2892 1549 2946 est,
1562 2883 1607 2954 qui
1621 2892 1748 2939 noverant
1764 2884 1827 2955 quid
1842 2885 1877 2940 sit
1891 2885 2019 2953 Ecclesia,
2031 2887 2077 2959 qui

1286 2987 1345 3027 eant
1366 2971 1393 3028 in
1409 2973 1552 3044 seripturis
1564 2973 1743 3042 intuebantur,
1765 2980 1834 3048 [oras
1852 2980 1969 3051 [uqnunt
1985 2998 2003 3033 a
2026 2998 2075 3042 nse

1286 3064 1390 3122 Putatis
1402 3066 1484 3134 enim,
1499 3066 1594 3124 iratres
1604 3069 1667 3136 mei,
1678 3070 1739 3140 quia
1750 3070 1788 3126 illi
1800 3085 1893 3128 onrnes
1903 3072 1946 3142 qui
1956 3071 2078 3130 lecenrat

1286 3158 1403 3216 haereses
1415 3175 1463 3230 per
1477 3161 1533 3215 loca
1547 3170 1573 3216 et
1584 3169 1681 3231 partes,
1697 3177 1750 3217 non
1764 3172 1893 3219 noverant
1907 3164 1934 3220 iu
1954 3165 2077 3238 Scriptu-

1286 3251 1324 3307 ris
1343 3252 1399 3316 liei,
1419 3254 1479 3324 quia
1502 3252 1622 3308 Ecclesia
1642 3269 1693 3308 non
1714 3264 1755 3309 est
1769 3256 1893 3325 praedicta
1910 3259 1931 3325 ¹,
1950 3259 2003 3313 nisi
2020 3267 2077 3315 toto

1287 3353 1416 3400 terrarum
1431 3344 1496 3400 orbe
1513 3344 1608 3400 dillusa
1619 3343 1630 3398 i
1643 3344 1713 3401 Vere
1726 3346 1785 3402 dico
1804 3347 1933 3403 Charitnti
1951 3348 2053 3406 Vestrae
2068 3368 2075 3406 :

1285 3432 1364 3491 Certe
1385 3449 1480 3491 omncs
1493 3433 1628 3491 christiani
1653 3450 1761 3502 sumus,
1777 3439 1817 3494 vel
1832 3439 1968 3496 christiani
1982 3457 2077 3501 omnes

1285 3528 1410 3594 dicimur,
1425 3538 1451 3584 et
1460 3543 1553 3584 omncs
1562 3529 1660 3585 Christi
1675 3531 1751 3601 signo
1764 3531 1898 3603 signamur
1911 3551 1918 3588 :
1931 3533 2075 3591 obscurius

1285 3620 1409 3676 dixerunt
1429 3619 1569 3690 Prophetae
1583 3621 1617 3677 dc
1630 3621 1751 3688 Christo,
1774 3640 1852 3692 quam
1877 3624 1911 3680 dc
1932 3624 2075 3691 Ecclesia:

1285 3718 1350 3781 puto
1364 3719 1504 3780 propterea
1520 3712 1582 3781 quia
1596 3711 1720 3767 ridebant
1733 3713 1759 3767 in
1774 3713 1896 3782 Spiritu,
1917 3724 2010 3772 eontra
2024 3717 2076 3775 Ee·

1285 3802 1392 3857 clesiam
1404 3802 1525 3857 homines
1540 3802 1656 3858 lactnros
1670 3818 1729 3860 esse
1743 3806 1894 3876 particulas.
1910 3807 1985 3863 etde
1998 3807 2077 3865 Clui-

1285 3901 1326 3948 sto
1339 3909 1390 3947 non
1403 3902 1501 3948 tanum
1517 3892 1592 3949 litent
1605 3894 1752 3964 habituros,
1773 3896 1807 3952 de
1825 3895 1945 3955 Ecclesia
1965 3915 2076 3971 magnas

1285 3986 1468 4041 contentiones
1493 3987 1664 4046 excitaturos.
1687 3988 1749 4044 hleo
1774 3990 1840 4045 illud
1868 3992 1938 4048 unde
1957 3994 2074 4064 majores

1285 4076 1344 4131 lites
1355 4077 1449 4132 tortore
1459 4085 1545 4144 erasit,
1559 4078 1662 4148 planius
1676 4080 1829 4149 pradictum
1843 4090 1870 4137 et
1880 4083 1999 4152 apertius
2012 4100 2075 4155 pro-

1283 4169 1418 4241 phetatum
1433 4177 1483 4237 est,
1498 4178 1526 4224 ut
1537 4170 1571 4225 etl
1582 4171 1708 4243 jvnlicinnr
1722 4172 1775 4227 illis
1786 4172 1925 4246 valeatqul
1936 4174 2072 4246 viderunt,

1284 4271 1311 4317 ct
1325 4261 1395 4318 laras
1410 4262 1541 4334 ingerant.

1320 4354 1348 4410 b.
1361 4353 1481 4425 Exempli
1496 4334 1580 4427 grat'ia
1595 4371 1674 4409 unum
1690 4358 1915 4413 commemorabo.
1937 4359 2074 4417 Abraham

1284 4458 1459 4520 paternoster
1470 4448 1527 4513 lvrit,
1540 4465 1592 4503 narn
1607 4458 1716 4520 propter
1727 4451 1898 4520 propaginem
1911 4452 2010 4520 carme,
2024 4453 2074 4510 scd

1282 4549 1392 4611 propter
1405 4540 1576 4595 invitationem
1593 4539 1653 4595 lidci
1670 4540 2008 4611 :justusetplaeeuslieo
2025 4560 2073 4616 per

1284 4631 1363 4688 lldem
1387 4633 1503 4703 suscepit
1525 4633 1607 4688 hlium
1631 4634 1679 4688 sibi
1700 4635 1858 4704 promissum
1873 4635 1991 4696 lsancde
2005 4639 2073 4697 sus

1281 4723 1366 4782 sterili
1384 4739 1467 4779 uxore
1485 4739 1531 4778 sua
1550 4725 1576 4779 in
1601 4734 1737 4780 senectute
1761 4741 1808 4781 sna
1831 4725 1909 4798 (Gen.
1934 4744 1990 4795 ιιι,
2017 4730 2072 4803 hl:

441 4807 603 4865 crsttseieatia
618 4825 625 4859 :
641 4805 699 4862 Non
709 4820 778 4860 sunt.
791 4804 861 4874 Ergo
871 4806 892 4859 si
907 4807 966 4861 talis
977 4821 1030 4862 stoa
1042 4822 1081 4872 es,
1097 4806 1170 4861 solus
1181 4808 1231 4861 esi
1279 4812 1371 4882 jussus
1383 4820 1425 4867 cst
1438 4813 1575 4870 huntolare
1589 4815 1643 4870 beo
1655 4815 1777 4871 eumdem
1799 4816 1892 4884 hlium,
1904 4833 1953 4874 nce
1965 4819 2075 4877 dtsbits·

444 4897 509 4954 l'ide
522 4913 556 4954 ne
571 4897 646 4969 pejor
659 4896 695 4955 sit
716 4896 766 4950 ista
789 4895 926 4964 snperbia,
948 4911 1026 4965 quam
1042 4897 1088 4951 illa
1103 4898 1243 4968 nequitia·

441 4987 499 5044 Noli
524 4988 608 5044 solum
632 4997 657 5045 te
676 4987 775 5042 dicere.
789 4984 854 5040 liam
868 4996 895 5042 et
910 4984 983 5040 Elias
996 4987 1137 5056 aliquando
1152 4989 1230 5044 tandin

442 5077 618 5133 sttuititudinis
629 5079 769 5148 impiorum
782 5069 820 5131 att
834 5094 840 5130 :
857 5075 998 5145 Prophetas
1007 5086 1063 5132 tuos
1075 5079 1228 5146 occiderunt,

442 5167 535 5222 altaria
548 5167 773 5234 tuasnffadrrunt,
796 5178 819 5223 et
843 5184 888 5239 eqo
912 5167 1012 5221 relictus
1034 5184 1090 5222 suns
1111 5171 1190 5237 solus,
1206 5181 1230 5225 et

441 5267 559 5326 spuerunt
584 5259 695 5313 auirrmnr
708 5276 798 5314 means
819 5259 872 5316 Sed
885 5259 946 5330 qnid
958 5260 1017 5313 dicit
1030 5259 1069 5314 iiii
1083 5277 1229 5331 responsuns

439 5349 550 5404 diuinum
561 5348 574 5403 Ι
587 5345 688 5418 Reliqui
700 5351 761 5406 ιιιιΙιιΙ
772 5362 866 5420 reptent
882 5352 963 5406 miliia
976 5351 1101 5418 uirorum,
1115 5355 1158 5423 qni
1178 5373 1228 5411 non

438 5450 603 5497 remanerent
623 5457 704 5510 qcnsm
724 5452 783 5497 onte
800 5442 865 5499 Raab
877 5443 922 5513 (ΙΙΙ
938 5442 1001 5515 lleq.
1014 5460 1071 5510 ιιι,
1086 5446 1137 5512 tb;
1152 5432 1246 5502 lions

439 5548 473 5595 ιι,
489 5533 516 5599 5,
529 5532 570 5602 l).
586 5532 665 5603 Ergo,
678 5534 788 5598 tratres,
810 5537 878 5592 iuter
890 5537 948 5592 lunc
959 5537 1082 5593 scattdola
1094 5555 1174 5594 unum
1187 5551 1229 5595 est

439 5620 585 5677 retnedium
600 5663 608 5688 ,
625 5637 658 5676 nc
670 5623 738 5677 orale
748 5625 846 5680 sentias
856 5625 888 5680 de
903 5627 983 5680 iratre
997 5637 1053 5681 tuo.
1067 5628 1206 5686 Huntilitcr
1218 5633 1226 5664 ¹

437 5723 496 5769 esto
517 5713 586 5786 qnod
603 5714 644 5768 vis
656 5706 716 5769 cunt
732 5729 811 5775 esse,
830 5725 857 5771 et
880 5732 932 5771 non
952 5718 1057 5787 putabis
1080 5736 1141 5774 eum
1168 5738 1228 5778 esse

437 5803 508 5876 qnod
530 5819 582 5861 non
597 5820 634 5860 cs·
651 5803 703 5860 Sed
719 5814 806 5859 tanton
824 5806 950 5865 sitellam
963 5808 1042 5864 ιίιιιοι
1055 5814 1135 5876 notis,
1148 5816 1226 5869 etiam

436 5899 561 5968 aspersis.

476 5992 503 6044 8.
520 5988 594 6064 [oers.
611 5989 666 6064 tto]
683 5990 732 6058 (ιιι
744 5990 858 6045 uidebant
869 6008 918 6059 nse,
933 5986 1001 6051 lhos
1011 5999 1129 6067 ingerunt
1144 6014 1160 6051 a
1176 6015 1224 6054 ore.

467 6105 525 6156 'bie
535 6109 573 6156 ιι.
586 6111 611 6154 et
619 6111 671 6156 uss.
687 6112 709 6154 tt
723 6111 787 6165 tar,
799 6103 902 6158 anub.

1282 4904 1329 4968 vit,
1348 4920 1397 4960 nee
1410 4904 1575 4975 disceptarit,
1594 4923 1642 4963 noc
1661 4907 1694 4963 sle
1706 4907 1781 4977 jussu
1796 4909 1841 4964 liei
1854 4910 2005 4982 disputavit,
2024 4929 2074 4971 nec

1282 4997 1382 5052 malvam
1397 5000 1578 5069 putantquod
1592 4999 1685 5068 jubere
1697 5001 1815 5071 optimus
1833 5003 1935 5071 potnit;
1951 5003 2030 5059 duait
2043 5006 2074 5061 li·

1282 5087 1345 5144 lium
1357 5104 1432 5144 snum
1446 5089 1478 5143 atl
1492 5089 1691 5158 immolandum,
1712 5092 1837 5161 imposuit
1847 5093 1871 5147 ei
1883 5093 1951 5165 ligna
1969 5095 2072 5152 sacriil·

1281 5180 1327 5246 eii,
1343 5181 1502 5249 pervenitad
1517 5183 1614 5246 loreum,
1628 5184 1712 5238 erexit
1723 5183 1859 5239 dexteram
1872 5195 1901 5242 ut
1911 5196 2073 5256 percuteret,

1281 5287 1315 5327 eo
1330 5273 1487 5343 prohibente
1501 5273 1633 5344 deposuit,
1653 5290 1706 5344 quo
1726 5275 1836 5345 jubente
1858 5278 1992 5334 levaverat
2011 5279 2071 5350 (ld.

1283 5378 1349 5430 ιιιι,
1365 5365 1409 5435 b);
1423 5365 1466 5434 qni
1480 5363 1711 5434 obtemperaverat
1724 5376 1752 5421 ut
1765 5367 1866 5435 feriret,
1878 5369 2075 5440 obtemperavit

1282 5466 1311 5511 nt
1325 5465 1460 5526 parceret;
1478 5457 1573 5527 tritique
1595 5457 1739 5527 obediens,
1755 5477 1883 5532 rssrsqnam
1897 5463 2004 5519 timidus
2019 5482 2026 5517 :
2044 5477 2074 5522 ut

1281 5557 1369 5603 tamen
1385 5549 1540 5619 impleretur
1559 5550 1736 5619 sacrificinm,
1758 5564 1784 5608 et
1802 5556 1860 5611 sine
1873 5557 2001 5628 sanguine
2016 5575 2073 5615 non

1281 5640 1472 5708 discederetur,
1488 5643 1608 5700 hnentus
1621 5655 1663 5701 est
1674 5647 1744 5702 aries
1755 5648 1861 5706 laureas
1876 5653 1902 5706 iu
1913 5668 1994 5722 repre
2005 5666 2071 5709 car-

1281 5731 1371 5797 nibus,
1387 5733 1443 5802 ipse
1456 5733 1607 5791 immolatus
1625 5747 1676 5801 est,
1695 5750 1829 5807 peractam
1844 5752 1885 5795 est
1897 5744 2071 5802 sacrificium.

1280 5820 1377 5888 Quaere
1386 5822 1448 5894 quid
1462 5824 1512 5878 sit:
1525 5825 1607 5894 ligura
1623 5836 1663 5882 est
1676 5827 1771 5883 Christi
1786 5830 1901 5887 itvrnluta
1914 5848 2072 5893 sacrameto·

1281 5913 1325 5966 tls.
1349 5913 1466 5984 Bessique
1487 5925 1516 5968 ut
1528 5917 1647 5986 videatur
1661 5918 1817 5986 discutitur,
1833 5933 1861 5977 ut
1875 5925 1994 5981 videatur
2008 5942 2073 5996 per·

1281 6012 1424 6071 tractatur,
1451 6015 1480 6060 ut
1501 6007 1570 6076 qnod
1597 6009 1743 6089 invplutunr
1762 6023 1802 6067 est
1820 6016 1966 6104 evqlvatur.
1995 6016 2072 6079 isare

1313 6113 1322 6147 ¹
1334 6113 1401 6177 lidi..
1409 6115 1550 6180 predicata.
1559 6126 1612 6175 ttst.
1624 6120 1740 6185 nonnulli,
1752 6125 1878 6188 medicea.
