5025 6925
474 692 529 747 ssa

474 804 565 870 Taciti,
579 807 701 874 nauminia
708 826 805 879 reitrpcr
813 808 896 862 tacebo
907 807 984 878 (lsai.
996 822 1060 871 ιιιι,
1076 807 1140 873 llll
1151 806 1264 871 Quando

473 916 538 969 crgo
552 916 605 954 utin
620 902 726 964 tacebit,
749 903 817 957 Deua
837 904 983 974 ntattifcstas
999 900 1085 953 acaia.
1098 899 1162 963 Quis
1177 898 1265 952 blansi

475 993 544 1046 licus
558 1006 651 1045 ceaster.
663 993 696 1047 iit
710 994 766 1061 ipse
780 995 860 1051 bens
875 993 920 1063 tpui
934 993 1003 1046 beas
1016 999 1120 1044 noster:
1130 1005 1181 1042 nou
1193 990 1264 1077 enim

475 1087 546 1139 itens
560 1094 610 1149 ost,
627 1087 670 1153 apti
688 1102 740 1140 aton
754 1101 795 1141 est
809 1098 901 1140 noster
914 1087 993 1139 bens.
1009 1084 1047 1137 bit
1056 1083 1127 1137 enirn
1139 1081 1264 1137 Gentitun

472 1177 625 1230 ‹la-urnula:
642 1177 711 1231 betas
721 1177 943 1244 Christianorum,
954 1192 1035 1233 verus
1058 1177 1135 1230 ilaus.
1150 1175 1207 1243 ipsc
1218 1191 1263 1228 ve·

473 1269 539 1332 niet,
556 1267 602 1322 scd
615 1267 781 1331 manifestus.
798 1285 850 1323 non
865 1269 952 1324 adhue
973 1267 1133 1330 illudendus
1151 1282 1202 1320 uim
1217 1265 1265 1319 ad·

424 1337 427 1350 ¹
473 1358 528 1413 buc
542 1358 722 1428 exalapandus
737 1370 763 1415 et
774 1359 963 1430 flagellandus:
977 1361 1075 1422 veniet.
1092 1357 1139 1413 sed
1155 1357 1265 1411 ariarate·

472 1462 542 1516 stus,
558 1467 610 1505 uon
629 1450 716 1506 adbuc
728 1452 830 1507 calatuo
850 1453 875 1507 iu
894 1454 980 1522 capnte
994 1449 1189 1522 percutiendus,
1211 1462 1264 1501 uon

471 1546 562 1600 adlluc
576 1547 786 1617 succingendis,
810 1548 981 1614 occidendus,
1005 1545 1172 1616 sepeliendus
1183 1562 1190 1593 t
1202 1542 1264 1613 utba

473 1638 533 1693 lta-e
547 1641 635 1692 cantantia
654 1642 774 1695 occuitus
791 1641 861 1696 Deras
873 1641 926 1711 pali
940 1639 1032 1695 volarit.
1060 1638 1144 1692 Ventiat
1158 1637 1265 1704 tirannic-

471 1740 538 1791 stata.
553 1740 637 1784 et-nnn
647 1731 737 1786 silebit.
1132 1746 1136 1754 ·

508 1823 537 1879 7.
556 1821 623 1890 Quia
639 1837 703 1877 vcro
716 1812 749 1876 aii
758 1823 885 1891 judicium
897 1824 996 1888 veniet,
1006 1823 1144 1891 sequentia
1155 1820 1260 1874 docent.

472 1912 545 1982 lguis
558 1924 621 1967 aute
645 1928 705 1966 cnm
722 1914 845 1984 praeibit(
861 1913 1086 1983 Paat.1cv·r,5).
1105 1910 1264 1966 Timemnsi

471 2004 617 2069 liutcmur,
639 2014 668 2058 et
690 2020 742 2059 nou
761 2006 923 2061 timebimus.
948 2005 1036 2075 iguem
1058 2004 1132 2073 palea
1149 2003 1261 2055 timeat:

470 2114 541 2152 auro
565 2097 629 2169 auid
654 2098 732 2153 lacit?
747 2098 795 2152 Est
806 2110 896 2153 atatem
916 2113 987 2154 nune
1011 2098 1037 2150 in
1053 2102 1183 2166 potestate
1199 2093 1265 2164 quid

471 2191 566 2256 iacias,
580 2206 615 2245 ne
629 2190 691 2245 iliud
706 2191 776 2260 aliod
789 2201 816 2245 et
826 2200 852 2246 tc
861 2190 967 2245 nolente
980 2199 1121 2244 venturum
1134 2197 1192 2250 est,
1208 2201 1262 2239 mm

471 2289 612 2336 correctus
626 2281 781 2349 experiaris.
796 2282 823 2336 Si
836 2281 907 2336 enim
926 2290 1070 2351 ¹possemus
1091 2278 1189 2341 lacere,
1205 2276 1261 2331 lra-

473 2386 541 2436 tres.
555 2385 584 2427 ut
598 2373 656 2428 dics
666 2373 759 2444 judicil
773 2388 825 2428 non
841 2373 963 2437 veaairct,
983 2383 1048 2441 puto
1063 2376 1124 2441 quia
1151 2384 1200 2424 nce
1222 2370 1262 2424 sie

470 2477 531 2521 crat
542 2467 613 2521 maie
625 2467 775 2523 vivendum.
799 2467 826 2521 Si
842 2483 894 2521 uon
907 2467 1010 2522 veniret
1025 2466 1091 2536 ignis
1103 2465 1146 2519 die
1156 2463 1258 2534 judieii,

470 2567 499 2614 et
511 2558 569 2612 sola
584 2558 768 2628 peccatoribus
782 2558 931 2613 immineret
943 2558 1099 2627 separatioa
1119 2555 1187 2611 iacie
1200 2554 1258 2621 bei,

470 2651 498 2706 in
519 2652 637 2723 qualibet
651 2659 741 2706 essem
753 2651 887 2705 abittetttia
905 2650 1059 2705 deliciatum
1073 2692 1079 2713 ,
1095 2668 1147 2703 tum
1162 2650 1257 2701 viticu-

470 2752 513 2798 tes
524 2758 539 2796 a
551 2757 605 2813 qno
628 2744 709 2797 creati
730 2751 801 2806 sont,
818 2752 846 2797 et
864 2743 977 2812 separati
994 2744 1028 2796 ab
1049 2743 1092 2797 illa
1115 2743 1258 2798 dulcedine

468 2833 613 2889 ineffabilis
625 2836 713 2888 vtrittts
725 2834 793 2904 ejus,
809 2835 834 2888 iu
848 2834 965 2904 uitalibet
977 2835 1159 2890 aeternitatcet
1173 2836 1260 2904 impu·

467 2924 553 2980 nitate
568 2924 678 2994 peccati,
688 2924 813 2994 plangere
822 2940 852 2979 se
861 2925 998 2981 deberem.
1012 2925 1065 2981 Sed
1077 2927 1141 2997 qtaid
1154 2927 1258 2998 loqttar,

466 3028 515 3074 aut
539 3017 635 3087 artibus
654 3018 766 3088 linquar?
781 3018 842 3073 llaec
862 3019 1012 3074 amantibus
1036 3035 1114 3089 poena
1127 3030 1187 3087 est,
1204 3037 1257 3075 uon

465 3111 711 3165 matemneutibus.
725 3107 775 3177 Qtri
789 3110 956 3166 dulcedinem
966 3112 1104 3181 sapientie
1118 3124 1145 3168 et
1158 3114 1257 3167 verita·

466 3202 502 3257 tis
516 3210 659 3271 utcumque
672 3203 772 3257 sentire
787 3213 936 3270 copernut,
951 3213 1082 3258 araverunt
1101 3205 1171 3275 quiid
1184 3205 1256 3274 dico,

464 3302 567 3362 quauta
584 3306 661 3362 poena
683 3293 718 3346 sit
737 3294 946 3347 tautunnnodoa
967 3294 1034 3349 lacie
1049 3294 1097 3349 oct
1116 3296 1255 3364 separari:

464 3385 517 3456 qui·
526 3393 614 3439 antem
630 3384 701 3439 illam
714 3383 883 3439 dulcedinem
896 3400 947 3439 noo
957 3393 1139 3455 gustaverunt,
1153 3387 1176 3441 si
1188 3403 1256 3441 nou·

463 3477 533 3533 dnm
545 3475 700 3534 desiderant
711 3478 758 3532 bei
769 3477 873 3545 sacient,
888 3479 997 3534 timeant
1010 3481 1053 3535 nel
1074 3481 1160 3551 ignem
1171 3499 1178 3545 ;
1190 3498 1252 3548 stan·

464 3569 548 3639 plicia
558 3578 675 3624 terreant
686 3584 765 3640 quem
786 3570 893 3638 pacanda
920 3586 971 3624 nun
995 3571 1115 3626 incitant.
1132 3572 1189 3628 iiie
1209 3575 1254 3630 tibi

465 3671 510 3717 est
524 3660 594 3731 quaid
609 3661 678 3715 bens
692 3660 840 3730 pollicetur,
854 3664 1030 3719 contremisce
1041 3665 1112 3734 quaed
1126 3667 1251 3722 ntinatnr.

465 3749 563 3806 leniet
575 3751 688 3806 dulcedo
707 3737 870 3820 praesentim
885 3769 936 3806 raon
955 3754 1075 3823 mutaris,
1089 3771 1142 3810 non
1157 3758 1255 3812 exeita-

468 3841 517 3907 ris,
528 3858 581 3897 non
594 3843 722 3912 suspiras,
739 3860 791 3897 non
802 3831 938 3901 desideras
954 3863 961 3900 :
975 3846 1135 3917 amplexaris
1147 3861 1254 3918 peccata

470 3944 514 3989 ttta
528 3945 555 3991 et
573 3935 682 3992 delicias
700 3937 789 3991 earnis
803 3947 864 4003 tua,
879 3938 1003 4006 stipatam
1018 3939 1052 3994 ad
1075 3949 1100 3996 te
1120 3944 1252 4012 congeris,

435 4004 443 4015 ⁸
473 4029 556 4083 renim
569 4030 646 4100 ignis.
668 4027 740 4101 ipais
754 4031 780 4083 in
794 4041 927 4099 conspectu
939 4032 995 4102 eitra
1007 4033 1113 4087 ardebit.
1134 4033 1191 4089 Non
1204 4038 1255 4092 erit

445 4178 449 4191 Ι
474 4113 517 4175 iste
530 4120 600 4191 ignis
614 4122 682 4177 sicut
696 4120 770 4176 baetis
784 4131 860 4187 tuus;
874 4138 926 4190 arto
938 4131 1025 4178 eumen
1040 4125 1062 4178 si
1074 4140 1179 4181 manum
1194 4129 1255 4182 mit-

472 4213 524 4269 tere
544 4214 659 4284 cogaris,
674 4210 754 4268 iacies
766 4212 893 4283 quidquid
907 4215 1020 4269 voluerit
1037 4215 1082 4285 qni
1100 4217 1151 4271 bon
1170 4220 1255 4274 atrian-

468 4303 519 4358 ier.
544 4304 745 4370 salutatem,
771 4304 864 4359 Scribe
878 4316 968 4359 eontra
992 4318 1070 4376 eaput
1097 4310 1178 4377 patris
1206 4313 1252 4379 tui,

454 4396 552 4453 ⁸tribe
563 4406 656 4453 cotnra
670 4398 755 4465 capita
769 4397 882 4451 illiorum
898 4407 1020 4465 tctorum3
1037 4402 1131 4454 tiamsi
1152 4416 1205 4457 trun
1216 4403 1255 4458 ie·

444 4486 546 4551 ceria,
561 4503 672 4542 manum
686 4498 757 4541 tuam
781 4488 858 4541 mitto
873 4487 998 4541 inlocum
1015 4499 1107 4544 tuurn:
1123 4491 1205 4546 iacies
1220 4511 1254 4551 ne

434 4573 661 4634 tneeatmanos
677 4588 736 4645 tna,
756 4594 790 4634 ue
808 4579 899 4634 ardeat
921 4579 953 4634 ad
974 4559 1079 4651 templis
1102 4584 1252 4643 membrum

1015 681 1210 740 Sitellittltb
1230 682 1262 738 ΙΝ
1282 683 1440 743 esstattitl
1461 687 1551 744 ltttlt.
2056 704 2107 758 5in

1318 807 1434 861 eradicet
1449 809 1459 878 (
1474 809 1535 864 ane.
1550 828 1606 878 xttt,
1622 814 1638 870 8
1652 815 1670 885 i.
1692 816 1756 874 Cum
1770 823 1841 877 euim
1854 822 2039 894 eradicarent,
2052 831 2106 896 jaim

1318 898 1385 967 iguis
1398 914 1575 969 exspectatur.
1592 907 1668 963 binde
1683 914 1732 965 etsi
1747 913 1820 969 intacti
1833 930 1895 971 snttt
1909 921 1986 978 rami.
1997 937 2107 989 possunt

1317 1004 1410 1045 rtvtstts
1425 993 1524 1071 inseri:
1541 1006 1602 1050 tune
1624 1005 1712 1054 otttuis
1724 1006 1803 1058 avinu
1817 1024 1875 1071 apuu
1895 1025 1946 1062 ttctu
1972 1013 2030 1065 iacit
2054 1014 2107 1066 in.-

1318 1091 1387 1132 ctum
1404 1082 1511 1147 boatum,
1524 1088 1669 1155 excidetur,
1683 1102 1710 1146 et
1725 1095 1750 1148 iu
1766 1097 1851 1164 ignem
1866 1100 1985 1155 utittctut·
1998 1103 2105 1170 (biart-J..

1318 1187 1356 1234 ιιι,
1373 1167 1425 1238 ib).
1433 1174 1504 1244 ipnia
1514 1168 1540 1231 in
1551 1196 1683 1250 cartapetae
1697 1188 1751 1256 ejula
1763 1190 1871 1245 ardebit.

1352 1265 1378 1319 8.
1397 1264 1428 1318 ia't
1439 1270 1464 1319 in
1479 1271 1585 1324 circuito
1599 1277 1653 1344 ciac
1671 1288 1804 1349 tetatpcstns
1816 1286 1909 1338 utilitia.
1928 1288 2016 1342 i'aiida
2034 1303 2102 1344 tcut-

1317 1364 1415 1423 pcstas‚
1437 1345 1661 1420 serttiiatura'tam
1683 1384 1803 1438 tnagnzuu
1818 1391 1917 1430 arcam.
1933 1379 1987 1434 liae
2003 1393 2104 1452 tentipe-

1317 1456 1385 1502 state
1405 1450 1454 1502 erit
1479 1451 1521 1506 iila
1548 1459 1692 1520 nerbilatio,
1718 1478 1768 1531 qna
1790 1471 1982 1528 separabitnra
2006 1477 2105 1531 sanctis

1317 1555 1396 1595 tiaratae
1414 1541 1588 1611 inclinatorium.
1604 1564 1618 1600 a
1634 1550 1754 1607 tideiibns
1767 1558 1853 1610 cantantis
1868 1560 2011 1628 mundatio,
2026 1535 2105 1634 aptis

1316 1640 1343 1685 et
1357 1635 1529 1688 lrcnteutibns
1542 1639 1651 1692 verbnm
1676 1642 1720 1697 ilci
1733 1647 1820 1699 cannitiis
1835 1662 2001 1720 coratetnptor
2015 1670 2038 1710 et
2056 1675 2101 1710 su-

1317 1726 1423 1794 perbus,
1438 1728 1516 1784 liudo
1537 1733 1608 1786 enim
1633 1736 1745 1791 tntixtnra
1768 1742 1888 1807 paraeciam
1908 1746 1979 1812 jacet
2001 1763 2015 1801 a
2042 1755 2104 1806 solis
2172 1805 2175 1818 ,

1315 1826 1374 1870 ortu
1396 1834 1479 1887 usaue
1501 1823 1533 1877 ad
1557 1839 1692 1880 occasum.
1715 1828 1859 1886 Videantns
1886 1846 2104 1907 leneopolitanus

1316 1906 1391 1963 iaciet
1413 1911 1455 1979 qtti
1479 1923 1604 1970 venturus
1627 1928 1677 1984 est,
1698 1928 1855 1989 tempestate
1874 1926 1917 1981 iiia
1937 1930 1999 1997 ataid
2021 1932 2104 1988 lactu-

1315 2014 1369 2065 rtu,
1383 2017 1442 2069 epure
1454 2003 1504 2056 erit
1518 2005 1545 2057 in
1558 2006 1727 2079 cacabacius
1747 2022 1879 2082 tempestas
1897 2017 1990 2074 aaa'da.
2007 2023 2102 2094 iunco,

1313 2091 1393 2146 dubio
1407 2094 1455 2149 ista
1469 2105 1611 2167 tempestas
1630 2102 1771 2169 causandum
1791 2109 1987 2176 separationem
2001 2112 2102 2169 iactttra

1313 2194 1364 2243 est.
1378 2185 1427 2241 ista
1440 2198 1482 2243 est
1496 2190 1538 2245 ilia
1554 2195 1696 2261 separatio.
1712 2212 1791 2264 qttam
1815 2215 1867 2254 nott
1880 2216 2102 2272 exspectaverunt

1312 2277 1356 2345 qtti
1380 2290 1520 2350 antequam
1542 2284 1575 2337 ad
1597 2285 1669 2340 littus
1690 2290 1821 2353 venirent,
1845 2293 1910 2348 retia
1931 2295 2102 2367 disruperunt

1313 2368 1388 2433 (Luc.
1406 2387 1431 2432 r.
1445 2372 1483 2442 b).
1498 2373 1525 2427 in
1540 2375 1582 2429 illa
1595 2392 1659 2429 vcro
1677 2381 1843 2446 separatione
1858 2382 1886 2438 bt
1908 2387 2027 2456 tpttmdam
2043 2407 2101 2445 ma·

1312 2460 1398 2515 lorvtm
1411 2472 1439 2517 et
1451 2465 1579 2521 bonorum
1596 2468 1739 2524 distinctio.
1755 2472 1806 2525 atti
1819 2483 1881 2531 snm
1901 2478 1971 2531 enim
1986 2475 2114 2549 scarnen?

1314 2559 1352 2606 tes
1372 2569 1441 2609 nataae
1460 2554 1604 2620 Claristum,
1621 2563 1751 2630 expeditis
1775 2564 1894 2621 bumaris
1917 2569 1974 2625 sine
1996 2575 2099 2630 sarcina

1311 2659 1433 2702 curarum
1453 2651 1628 2714 secularium,
1652 2655 1695 2722 qui
1719 2671 1770 2710 non
1786 2656 1884 2714 frustra
1906 2664 2054 2733 viridiorum,
2070 2669 2099 2723 Si

1311 2737 1349 2790 nie
1362 2753 1414 2790 ease
1429 2740 1560 2810 nauseatus.
1575 2745 1646 2810 tntae,
1661 2747 1738 2801 aenae
1750 2750 1834 2802 altricia
1847 2768 1903 2820 paca
1923 2755 2008 2821 babes,
2029 2770 2053 2811 et
2066 2761 2099 2814 du

1311 2830 1471 2897 pauperibus,
1486 2842 1509 2886 et
1523 2833 1623 2888 babebis
1647 2837 1791 2891 thesauram
1804 2840 1831 2891 in
1852 2841 1923 2909 caia,
1942 2855 1965 2898 et
1978 2850 2043 2913 acati,
2058 2867 2098 2903 aa·

1309 2938 1385 2991 querc
1396 2940 1436 2977 aare
1448 2939 1458 2979 :
1468 2926 1589 2995 qttaiibus
1608 2928 1715 2996 dicitur,
1734 2931 1857 2987 Sedetana
1879 2952 1953 3003 saper
1966 2938 2098 2995 duedecim

1309 3014 1388 3077 seties.
1398 3016 1541 3084 judicantes
1562 3019 1692 3075 duedecim
1713 3022 1791 3076 tribas
1812 3022 1894 3079 lsrael
1913 3025 2018 3097 (Htattb.
2042 3048 2095 3098 ιιι,

1308 3106 1354 3171 st,
1366 3106 1424 3176 28).
1439 3109 1490 3163 Atti
1505 3126 1567 3181 ergo
1581 3123 1659 3165 terrant
1669 3114 1818 3180 judicantes
1833 3132 1892 3170 catu
1909 3118 2018 3175 bcttttiao
2031 3142 2037 3175 :
2052 3125 2096 3178 atti

1310 3214 1375 3254 veru
1390 3199 1536 3268 judicandi.
1552 3203 1598 3256 scd
1618 3203 1651 3257 ad
1664 3203 1800 3259 dexteram
1817 3209 1943 3275 portenadi.
1957 3210 2021 3265 Nam
2036 3217 2096 3284 quit

1308 3302 1386 3347 erum
1396 3294 1501 3361 atridam
1511 3294 1661 3363 judicantes
1672 3313 1732 3352 cunt
1745 3298 1867 3365 {lotarium
1884 3301 2012 3359 babemus
2024 3317 2102 3376 apen-¹

1308 3383 1438 3439 tissimum
1468 3386 1646 3440 testimonium
1669 3388 1740 3458 quod
1765 3390 1844 3444 titudo
1867 3399 2093 3451 eutrrtneatorat‘i:
2179 3380 2182 3387 ¹

1308 3475 1433 3529 sedebitis
1452 3493 1528 3547 ertper
1551 3477 1683 3532 duedecim
1704 3480 1784 3544 aedes,
1801 3481 1946 3551 judicantes
1965 3485 2095 3542 duodecim

1307 3565 1387 3619 tribas
1400 3565 1494 3623 lanei.

1342 3656 1367 3711 9.
1383 3656 1435 3711 Sed
1450 3657 1513 3711 dicit
1533 3658 1627 3728 aliquis
1644 3659 1803 3735 :duodecim
1827 3663 1880 3718 iiiia
1893 3665 2012 3734 Apostoli
2026 3685 2092 3726 eou-

1306 3747 1445 3814 sedebuat,
1460 3765 1511 3804 non
1526 3734 1648 3820 amplius.
1664 3752 1712 3808 bui
1733 3769 1797 3824 ergo
1811 3757 1862 3811 erit
1875 3762 2011 3827 apostolas
2024 3763 2094 3817 Panu-

1306 3837 1366 3892 lus?
1380 3837 1512 3909 Numquid
1526 3839 1587 3895 iude
1599 3853 1736 3910 separatus
1749 3845 1823 3900 ecit?
1836 3847 1913 3902 Absit
1923 3859 1952 3903 ut
1963 3851 2013 3905 boc
2025 3853 2095 3908 dica·

1306 3944 1375 3992 mus,
1390 3931 1459 3985 absit
1473 3940 1502 3986 ut
1515 3931 1565 3985 boc
1579 3933 1620 3988 vei
1636 3934 1714 3989 tacite
1728 3936 1884 4003 cogitemus.
1907 3941 1975 4007 Quid
1995 3943 2017 3996 si
2032 3960 2095 4014 ergo

1306 4019 1333 4077 in
1355 4022 1415 4077 loco
1427 4022 1502 4077 iudae
1523 4023 1579 4093 ipse
1599 4025 1743 4081 residebit?
1756 4026 1810 4082 Sed
1830 4032 2008 4088 manifestavit
2022 4035 2095 4091 Scri-

1306 4120 1383 4182 ptura
1396 4112 1495 4177 divina‚
1509 4113 1569 4182 quis
1590 4114 1616 4169 in
1637 4113 1712 4170 iudae
1736 4117 1794 4173 loeo
1810 4120 1843 4172 sit
1856 4120 1992 4179 ordinatus
2006 4142 2013 4180 ε
2028 4127 2094 4181 ilat-

1307 4205 1375 4260 tbias
1388 4206 1457 4270 euim
1472 4214 1513 4260 est
1525 4221 1649 4275 expresse
1661 4210 1810 4265 taontiuatns
1824 4213 1849 4267 in
1860 4214 1970 4272 datibus
1982 4218 2095 4288 Aposto-

1306 4295 1403 4361 lorum,
1419 4304 1447 4350 ut
1466 4295 1498 4350 de
1513 4295 1558 4350 itlo
1570 4296 1690 4352 dubictre
1702 4315 1754 4354 aton
1770 4317 1908 4371 possemus
1922 4306 1988 4375 (Act.
2004 4325 2023 4374 ι,
2036 4309 2094 4381 ἐῢ).

1305 4385 1423 4443 Cadenate
1441 4402 1505 4458 ergo
1525 4387 1610 4453 toda,
1625 4388 1748 4459 impietus
1767 4403 1808 4447 est
1821 4410 1945 4451 aaurvaerus
1957 4397 2095 4457 dnodena-

1305 4479 1372 4534 rius.
1385 4477 1452 4535 Cum
1466 4496 1529 4550 ergo
1544 4481 1588 4536 iile
1602 4498 1727 4539 numerus
1739 4484 1916 4544 duodenarius
1926 4500 2095 4563 occupaverit

1305 4571 1445 4628 duodecim
1460 4573 1548 4642 sedes,
1565 4590 1616 4629 non
1627 4575 1755 4646 judicabit
1770 4579 1866 4636 Paulus
1880 4587 2033 4652 apostolus?
2052 4592 2093 4647 Aa

1305 4662 1373 4718 farte
1383 4672 1457 4720 stans
1469 4665 1617 4733 iudicabit?
1632 4666 1689 4722 Non
1703 4668 1738 4723 ita
1752 4680 1791 4725 est
1806 4689 1812 4725 :
1829 4685 1881 4726 nott
1895 4674 1971 4732 saciet
1988 4679 2037 4734 boc
2049 4683 2093 4737 ille

1302 4752 1411 4824 justitia
1431 4757 1595 4841 retributor:
1612 4773 1664 4814 non
1686 4761 1794 4816 omnino
1814 4773 1889 4820 statas
1903 4767 2033 4837 iudicabit
2047 4777 2091 4844 qm

1303 4845 1363 4914 plus
1376 4846 1497 4901 omnibus
1512 4846 1564 4902 illis
1574 4849 1702 4905 laboravit
1715 4850 1736 4925 (i
1751 4853 1808 4908 Cor.
1824 4871 1872 4923 xv,
1889 4859 1942 4929 lb).
1957 4860 2036 4919 Certe
2049 4868 2091 4921 vel

1304 4935 1353 4990 iste
1368 4951 1435 5023 unus
1447 4939 1583 5006 apostulus
1596 4940 1693 4996 Paulus
1707 4944 1776 5014 cogit
1791 4960 1840 5001 nos
1852 4946 2004 5018 diligentius
2021 4958 2092 5026 cogi-

1303 5037 1360 5083 tare
1372 5038 1399 5082 et
1412 5032 1580 5098 perscrutari,
1595 5048 1677 5102 qntarc
1691 5034 1768 5091 dictae
1782 5036 1835 5091 sint
1849 5039 1987 5097 duodecim
2002 5046 2089 5104 sedas.

1303 5118 1456 5197 invenimus
1465 5121 1535 5175 euim
1550 5131 1576 5177 el
1587 5122 1653 5178 aiios
1668 5140 1793 5179 nttnaeros
1808 5127 1834 5181 in
1848 5127 1991 5199 Scripturis
2003 5138 2088 5192 multi·

1303 5210 1419 5265 tudinem
1432 5212 1622 5283 significantes.
1637 5215 1759 5284 Quinque
1779 5218 1893 5288 virgines
1906 5222 2090 5296 admittuntur,

1301 5301 1416 5371 quinque
1436 5303 1612 5360 excluduntur
1626 5305 1731 5375 (llattb.
1753 5324 1817 5377 xxv,
1840 5310 1883 5376 lb,
1899 5312 1957 5385 la).
1974 5316 2091 5376 biblium
2163 5334 2170 5348 ·

1302 5392 1417 5463 intelligo
1438 5394 1552 5465 virgines
1567 5413 1573 5450 :
1587 5397 1644 5452 sive
1659 5397 1685 5452 iu
1699 5401 1820 5456 castitate
1841 5412 1920 5474 atque
1941 5407 2090 5481 integritate

426 4658 561 4735 hum,
580 4686 633 4726 non
648 4686 754 4740 semper
768 4671 899 4727 indolere
913 4671 1039 4727 itttttrum.
1053 4674 1175 4730 ‘llinatur
1188 4692 1253 4748 ergo

423 4742 589 4817 inimicus
603 4773 655 4818 tatia
671 4763 860 4828 lemmatum,
875 4774 902 4817 et
916 4764 981 4819 iacis
995 4766 1095 4820 malunt
1112 4783 1119 4819 :
1137 4769 1254 4825 minatur

422 4832 536 4909 Deus
546 4863 675 4909 aternum
695 4855 805 4915 malum,
821 4864 913 4910 elnon
929 4856 994 4911 lacis
1007 4858 1121 4918 bouum!
1136 4860 1177 4915 ud
1193 4877 1251 4916 ma·

423 4924 521 5000 ltu„
537 4944 684 5002 lacieodnm
698 4963 748 5003 nee
768 4950 847 5003 ovinae
865 4957 890 5004 te
897 4949 1058 5018 compellere
1070 4950 1199 5008 deberent
1213 4970 1221 5007 ε
1235 4970 1250 5009 a

423 5018 534 5094 b”nce
554 5039 675 5096 laciettdn
693 5056 742 5094 nce
763 5041 841 5094 minua
857 5049 882 5096 te
896 5027 1032 5096 dete'rrere
1048 5041 1184 5099 deberent.
1200 5043 1251 5099 lli·

430 5117 501 5181 tt'n
516 5143 603 5189 alaman
619 5133 676 5198 Dei,
694 5133 772 5187 vitiatis
786 5134 877 5187 :eterni
892 5134 958 5203 ignis
974 5134 1122 5203 prohiberis
1141 5137 1248 5199 annaio.

437 5210 583 5281 invium
597 5226 630 5280 ad
641 5227 747 5280 bonum.
763 5225 837 5281 Unde
846 5226 926 5296 piget,
938 5225 989 5280 nisi
1002 5226 1063 5296 quia
1076 5242 1128 5280 nou
1146 5228 1250 5283 credis?

448 5306 586 5385 Excutiat
598 5332 661 5388 ergo
675 5319 858 5388 nntasqnisqne
879 5332 926 5372 cor
938 5332 1026 5383 strunt,
1044 5327 1071 5372 et
1089 5319 1176 5373 videat
1186 5320 1248 5389 qtrid

454 5396 498 5459 ibi
512 5408 576 5465 dales
589 5417 679 5464 teneat
692 5409 712 5461 ¹.
722 5407 749 5464 Si
758 5408 891 5463 eredimus
907 5408 1024 5463 laturum
1036 5407 1181 5478 judicium,
1195 5409 1249 5464 lra-

466 5504 528 5566 ttes,
541 5501 609 5556 bene
623 5500 752 5554 vivamus.
767 5499 883 5569 Tempus
898 5499 1087 5554 misericordiae
1104 5516 1174 5556 nunc
1194 5511 1246 5563 est,

471 5599 567 5662 tenpus
578 5591 670 5663 judieii
682 5600 744 5645 tone
761 5591 822 5645 erit.
847 5588 930 5645 Nemo
944 5590 1023 5645 dicct.
1040 5590 1144 5645 Revoca
1158 5607 1201 5645 me
1213 5592 1246 5647 ad

473 5690 564 5757 priores
574 5701 667 5741 alanos.
684 5685 860 5742 Poenitcbitet
874 5692 946 5750 tunc,
960 5685 1007 5740 sed
1022 5685 1118 5740 trustra
1135 5687 1246 5756 poenite·

1300 5482 1397 5550 cordis,
1414 5487 1457 5542 ubi
1482 5488 1561 5543 debet
1574 5489 1648 5559 virgo
1666 5506 1727 5547 esse
1749 5502 1803 5549 tota
1817 5495 1945 5568 Ecclesia,
1965 5502 2006 5557 cui
2021 5503 2088 5560 dici·

1301 5586 1353 5638 tur,
1368 5576 1524 5648 Desponsavi
1535 5595 1578 5633 aas
1590 5581 1633 5634 ani
1652 5582 1714 5648 ebo,
1728 5584 1849 5656 cirpiaem
1860 5601 1955 5645 castam
1975 5594 2089 5648 calcidae

1300 5670 1398 5726 diuino
1411 5670 1442 5741 (li
1456 5669 1514 5725 Car.
1535 5687 1574 5731 nt.
1586 5671 1632 5741 dl:
1648 5675 1704 5730 sive
1722 5678 1747 5729 in
1761 5676 1803 5731 itis
1817 5677 1921 5736 loratiais
1936 5699 1994 5752 quae
2007 5684 2085 5739 etiarn

1300 5761 1476 5832 integritatem
1489 5763 1575 5817 caratis
1589 5764 1702 5820 dicatam
1718 5766 1816 5824 babent
1829 5770 1884 5827 beo
1899 5791 1905 5827 :
1922 5775 2045 5844 oumntrid
2061 5775 2088 5833 iu

1300 5862 1338 5908 tot
1351 5852 1466 5907 millibus
1480 5853 1544 5907 solua
1556 5854 1671 5926 quinique
1691 5860 1774 5914 suut?
1787 5859 1840 5917 Sed
1854 5863 1881 5917 in
1902 5865 2022 5934 quinario
2035 5881 2085 5918 ttu-

470 5780 502 5837 bit
527 5796 534 5833 :
558 5777 640 5833 modo
660 5777 797 5847 peniteat,
824 5790 884 5830 enm
906 5774 1006 5829 inactus
1021 5783 1063 5830 est
1084 5777 1245 5845 poettitendi;

464 5867 538 5938 natio
554 5861 714 5926 adhibeatur
737 5867 771 5922 ad
783 5866 886 5922 radices
896 5916 898 5919 .
910 5866 1012 5921 arboris
1031 5867 1162 5937 cophinus
1174 5877 1244 5924 ster-

463 5955 547 6023 coris,
567 5961 656 6018 cardis
673 5962 759 6017 luctus
780 5967 807 6014 et
829 5958 1017 6030 lacrymarum,
1037 5974 1072 6015 ne
1090 5959 1178 6015 veniat
1192 5962 1203 5993 ¹
1217 5968 1245 6018 et

490 6072 500 6107 ¹
518 6071 930 6140 animumanimumum

489 6132 950 6197 *wamiamtnaaaaiaae
962 6135 1211 6192 mmcdx

1299 5960 1373 6000 mero
1384 5944 1538 6016 intelligitur
1550 5949 1710 6005 coratincutia
1722 5952 1837 6023 quinque
1848 5972 1971 6010 sensuum
1985 5959 2082 6011 caratis.
2161 5980 2166 5987 ·

1298 6037 1402 6092 Etenim
1416 6037 1506 6093 multis
1526 6039 1598 6094 venit
1611 6044 1746 6114 corruptio
1758 6047 1918 6115 peruenias,
1934 6049 2023 6103 natabis
2037 6064 2086 6120 per

1299 6142 1400 6197 annm,
1422 6129 1512 6187 maltis
1525 6146 1573 6203 per
1585 6132 1704 6190 illicitam
1726 6134 1860 6203 allectum,
1876 6136 1965 6197 multis
1979 6152 2026 6199 aar
2038 6156 2086 6198 aa«
