5025 6925
420 681 457 737 ῃ
1143 673 1332 732 rurestria.
2017 683 2071 741 rs

420 812 459 852 ne
472 795 582 852 rerlmm
596 794 714 865 quidem.
737 793 810 863 erod
830 795 853 848 si
874 793 991 848 laborem
1013 793 1149 861 Augustini
1171 791 1205 846 ad
1219 806 1331 848 examen
1346 806 1471 848 reuocare
1490 792 1650 865 Hieronymo
1669 796 1805 863 libuisset,
1826 797 1887 854 huie
1900 800 2051 859 sinedubro

420 889 605 944 occunissent
618 888 636 941 ii
648 902 759 952 seusus,
774 902 839 955 quos
851 886 918 955 apud
932 886 1096 955 antiquiores
1109 902 1161 939 rum
1175 884 1340 954 reperisset:
1352 899 1518 956 nequaquam
1534 902 1597 941 reru
1610 889 1660 941 alia
1675 890 1831 958 methodus;
1846 894 1952 963 qnando
1966 894 2052 950 eidem

419 982 536 1037 adhaesit
548 988 656 1035 saumus
666 980 791 1045 Antistes,
805 994 883 1047 squam
895 975 1019 1043 Hilarius,
1033 976 1188 1031 Ambrosius
1199 986 1226 1033 et
1237 975 1327 1032 cautem
1339 993 1406 1047 qnos
1416 976 1507 1032 laudat
1517 978 1703 1049 Hieronymus,
1715 993 1790 1035 eraut
1801 985 1894 1039 secuti.
1908 986 1954 1040 Sin
1967 986 2054 1055 agitur

420 1078 456 1131 de
470 1074 550 1130 modo
570 1076 705 1131 sermonis
725 1074 806 1129 diuini
820 1075 959 1145 allegorice
973 1090 1005 1130 ae
1022 1075 1158 1130 moraliter
1177 1073 1359 1138 edisserendi,
1378 1073 1437 1143 quis
1455 1082 1541 1143 potest
1561 1089 1621 1128 eurn
1645 1076 1786 1130 universim
1810 1079 1975 1148 r·itupcrare;
1990 1096 2051 1136 curu
2087 1117 2090 1121 »

420 1168 516 1222 eodem
531 1174 558 1221 et
569 1168 659 1221 caeteri
673 1167 764 1222 Patres
777 1183 838 1222 cum
854 1168 1009 1238 Augustino,
1024 1177 1052 1224 et
1065 1169 1177 1239 ipsemet
1190 1167 1365 1237 Hieronymus
1380 1183 1432 1221 trun
1446 1183 1507 1222 raro
1520 1182 1583 1223 usus
1599 1168 1688 1228 luerit,
1705 1171 1848 1224 secundum
1863 1174 2049 1241 Apostolorum

419 1261 572 1331 exemplum
586 1270 665 1330 atque
679 1260 846 1316 dnerrtuanrt
860 1262 946 1317 Testis
959 1271 1001 1318 est
1014 1262 1105 1318 beatis
1119 1261 1232 1326 Paulus,
1253 1276 1425 1331 qrmcumqne
1445 1261 1470 1314 in
1486 1260 1572 1315 Veteri
1586 1260 1755 1316 'lestanreuto
1768 1273 1843 1332 gesta
1859 1275 2049 1332 rnernurantur,

419 1372 453 1411 ca
470 1355 568 1425 figuras
581 1369 657 1418 esse,
673 1353 805 1424 fuisseque
821 1357 854 1410 ad
869 1366 986 1411 nostram
1001 1355 1191 1412 institutionem
1206 1354 1304 1424 scripta
1317 1353 1343 1423 (l
1356 1353 1413 1408 Cor.
1429 1371 1463 1420 x,
1477 1354 1522 1425 ll)
1537 1372 1543 1405 :
1558 1355 1629 1425 atqui
1645 1355 1711 1409 laeta
1731 1355 1775 1410 illa
1796 1356 1921 1427 pleraque
1939 1359 2050 1415 Psalmis
2131 1347 2134 1354 ’

419 1450 560 1502 materiam
571 1448 751 1517 suppeditant,
767 1449 868 1520 ipsique
879 1434 946 1504 adeo
959 1449 1055 1503 Psalmi
1069 1449 1295 1517 metaphorarum,
1308 1447 1488 1518 aeruginatum,
1505 1462 1605 1501 necnon
1621 1447 1833 1517 propheticarum
1845 1449 2051 1521 descriptionum

422 1540 497 1609 pleni
510 1548 573 1594 suut
588 1557 595 1595 :
608 1554 640 1594 ac
657 1539 768 1609 proinde
781 1541 825 1610 qui
841 1556 888 1595 rios
903 1543 970 1595 intra
982 1542 1108 1610 simplicis
1122 1542 1217 1596 litterae
1229 1539 1363 1610 srrgrrstias
1376 1555 1500 1594 coercere
1514 1540 1611 1606 vellet,
1627 1540 1649 1594 is
1663 1540 1768 1609 quidem
1784 1557 1833 1597 nos
1846 1543 2006 1613 deprimeret
2019 1545 2051 1601 ad
2106 1571 2113 1590 ·

420 1632 602 1688 conditionem
614 1630 782 1698 ludaeorum,
797 1647 863 1702 quos
875 1649 929 1688 suar
941 1634 1056 1703 ipsorum
1069 1634 1179 1688 caecitati
1194 1632 1262 1687 Heus
1278 1632 1407 1702 permisit,
1422 1640 1449 1684 ut
1462 1632 1571 1685 uidentes
1584 1648 1634 1686 non
1647 1632 1746 1685 videant
1761 1632 1834 1702 (Lae.
1850 1649 1892 1687 unt
1905 1675 1911 1696 ,
1926 1634 1981 1704 td).

455 1726 545 1795 Atque
557 1724 615 1779 ltere
628 1740 642 1777 a
656 1725 733 1780 nobis
745 1724 888 1792 dictasint,
903 1734 931 1780 ut
942 1727 1086 1796 generatim
1098 1724 1236 1795 Augustini
1249 1722 1403 1777 methodum
1415 1722 1588 1777 defendamus
1600 1740 1607 1777 :
1619 1724 1723 1777 tametsi
1739 1724 1820 1777 nostri
1834 1724 1936 1777 consilii
1953 1739 2004 1777 uon
2017 1724 2052 1779 sit

421 1829 583 1890 extorquere
597 1818 631 1872 ab
643 1818 778 1883 omnibus,
793 1826 822 1873 ut
834 1819 875 1873 rel
888 1818 1038 1873 levissimas
1052 1818 1170 1888 ejusdem
1182 1816 1326 1872 allusiones
1337 1815 1441 1880 eadem,
1455 1830 1505 1886 qua
1518 1830 1567 1868 nos
1581 1815 1641 1885 ipsi,
1658 1815 1828 1871 ueneratione
1842 1825 2050 1886 prosequantur:

422 1911 490 1965 satis
503 1910 569 1975 erit,
586 1910 608 1964 si
622 1924 675 1963 non
694 1909 815 1979 indignas
832 1910 941 1964 materia
960 1926 1019 1980 quse
1038 1918 1181 1976 tractatur,
1198 1909 1268 1979 aequi
1288 1923 1376 1963 rerum
1398 1909 1572 1962 aestimatores
1591 1907 1719 1978 judicent.
1741 1909 1795 1964 lino
1810 1925 1872 1964 vern
1890 1910 1911 1963 si
1927 1910 2053 1979 temporis

420 2001 529 2071 ingenio
539 2002 640 2055 servire
650 2014 683 2054 ao
691 2014 750 2054 sese
760 2000 846 2069 plebis
856 2002 943 2070 captui
954 2002 1155 2055 accommodare
1168 2014 1220 2056 uon
1232 2000 1347 2055 novisset
1360 1999 1452 2054 beatus
1461 1999 1572 2065 Praesnl,
1586 2001 1771 2056 aberratione
1783 2003 1876 2072 agendi
1887 2003 2051 2068 descivisset,

419 2111 501 2165 quam
516 2096 629 2164 ipsemet
640 2095 708 2148 lleus
717 2094 825 2149 adhibet
834 2095 861 2149 iu
872 2095 955 2150 sacris
964 2095 1086 2159 biberim
1097 2095 1142 2149 ubi
1153 2094 1266 2165 Spiritus
1276 2104 1382 2149 sanetus
1392 2093 1498 2147 lrunrani
1509 2093 1639 2148 sermonis
1650 2110 1751 2149 rnorem
1763 2106 1879 2164 usurpat,
1892 2096 2053 2153 humillimas

418 2202 541 2257 quasque
553 2187 658 2242 dicendi
670 2185 770 2241 lornras
781 2201 833 2240 uon
848 2187 1005 2257 repudians3
1020 2188 1063 2242 ubi
1076 2189 1172 2251 etiarn,
1187 2201 1241 2258 quo
1253 2188 1379 2241 ueritates
1395 2185 1429 2241 ad
1449 2187 1559 2241 selutcm
1580 2188 1744 2241 necessarias
1762 2187 1913 2244 horninibus
1931 2190 2049 2257 instillet,

419 2280 576 2334 historicam
597 2279 752 2334 varietatem
770 2293 802 2333 ac
820 2279 950 2349 poeticam
966 2280 1145 2336 ainoeutniern
1166 2295 1226 2335 cum
1251 2280 1485 2335 instrumentorum
1506 2280 1665 2334 musicorum
1688 2282 1816 2336 suavitate
1836 2282 2053 2354 psalmorumque

417 2382 499 2428 cantu
513 2373 660 2444 conjungit.
678 2370 811 2427 Patiamur
824 2374 912 2443 itaque
927 2373 1100 2443 augustinum
1114 2372 1247 2442 allegoriis
1266 2380 1345 2440 atque
1363 2372 1422 2427 aliis
1437 2372 1663 2428 observationibus
1676 2373 1729 2440 uti,
1749 2373 1843 2444 quibus
1858 2390 1909 2428 non
1924 2374 2051 2444 imparem

418 2466 565 2521 arbitratur
578 2465 705 2535 pipulum
719 2479 813 2529 suum;
829 2474 856 2519 et
870 2465 927 2519 lraee
941 2475 1030 2519 nostra
1043 2480 1104 2520 eura
1118 2467 1168 2529 sit,
1183 2466 1380 2520 admirabilibus
1399 2467 1554 2534 preceptis,
1570 2482 1629 2537 quae
1643 2466 1793 2538 indecerpta
1813 2471 1952 2524 occasione
1965 2468 2050 2524 eidenr

418 2560 516 2627 tradit,
529 2560 732 2617 adbereseere:
749 2563 820 2633 quod
834 2562 920 2632 ipsum
935 2564 1057 2617 siruilitur
1070 2562 1211 2617 observare
1230 2576 1280 2616 nus
1292 2561 1449 2627 conveniet,
1466 2562 1487 2615 si
1502 2562 1608 2631 quando
1620 2562 1741 2618 nonnihil
1756 2578 1771 2618 a
1785 2580 1846 2620 vera
1861 2563 2052 2635 significatione

417 2652 622 2718 deflectentem,
635 2633 734 2722 optima
746 2661 834 2707 trrncn
848 2654 992 2723 praecipere
1005 2660 1084 2723 atque
1098 2652 1130 2705 ad
1144 2653 1268 2722 pietatem
1283 2652 1396 2706 maxime
1409 2652 1578 2707 accommoda
1592 2654 1764 2722 reperiemus.

458 2746 592 2800 Caeterum
612 2745 647 2800 de
665 2746 916 2801 commentariorum
937 2745 1062 2800 horumce
1081 2745 1177 2799 merito
1195 2758 1248 2799 uon
1271 2751 1311 2798 est
1333 2743 1554 2814 pronuntiandum
1574 2752 1725 2813 comparate
1746 2745 1779 2800 ad
1800 2746 1932 2801 hebreum
1953 2755 2052 2803 textum

418 2823 592 2905 hodiernum,
603 2853 690 2908 neque
700 2839 779 2894 etiam
789 2836 822 2892 ad
833 2837 1065 2907 Hieronymianum
1076 2854 1083 2899 ;
1097 2835 1372 2907 quandohngustinus
1380 2835 1451 2890 txx
1462 2837 1634 2906 interpretes,
1643 2838 1686 2906 qui
1698 2838 1764 2892 lorte
1774 2836 1907 2894 hebescunt
1918 2838 2054 2909 exemplar

417 2945 497 2999 aque
511 2930 551 2984 rel
566 2931 644 2985 etiam
659 2930 743 3000 magis
754 2929 922 2986 emendatum
938 2928 1064 2995 habuere,
1080 2927 1231 2999 sequendos
1244 2928 1294 2983 sibi
1307 2926 1454 2998 propo'suit.
1469 2928 1579 2983 Nescius
1591 2939 1631 2983 est
1645 2943 1725 2984 nemo
1744 2939 1870 2998 quantum
1889 2930 2053 2985 auctoritatis

418 3037 513 3076 eorum
536 3021 694 3076 traductioni
714 3023 769 3092 jam
789 3022 877 3077 iudea
894 3023 985 3092 primis
1003 3021 1166 3091 temporibus
1180 3021 1250 3077 Deus
1263 3021 1375 3076 uoluerit
1393 3034 1452 3076 csse
1466 3020 1493 3075 iu
1508 3019 1643 3084 Ecclesia3
1659 3029 1787 3090 quantum
1805 3022 2008 3076 existimationis
2026 3022 2052 3076 ci

418 3113 574 3183 pepererint
587 3113 725 3183 Apostoli,
742 3114 812 3168 illam
831 3115 857 3168 in
871 3113 937 3168 Novi
952 3113 1113 3169 Testamenti
1135 3114 1237 3182 paginis
1255 3113 1459 3182 consignantes;
1483 3120 1610 3181 quantum
1634 3110 1749 3183 denique
1772 3113 1983 3167 testimoniorum
2002 3113 2052 3183 ipa

419 3204 581 3272 prrutulerint
601 3204 702 3258 eisdem
721 3204 828 3270 rerbis,
851 3204 945 3274 equibus
968 3206 993 3258 in
1014 3204 1168 3260 eorumdem
1187 3204 1363 3273 interpretum
1384 3203 1507 3273 leguntur
1524 3202 1653 3258 Psalterio
1669 3221 1675 3257 :
1690 3218 1724 3258 ex
1737 3219 1790 3274 quo
1804 3205 1910 3275 quidem
1925 3204 2053 3261 Psalterio

418 3297 568 3351 l'ersiones
581 3312 676 3354 omnes
688 3312 747 3367 quse
762 3298 889 3352 haetenus
904 3299 930 3353 in
944 3297 1062 3353 Ecclesia
1076 3298 1196 3363 saluere,
1209 3297 1335 3353 traductae
1349 3305 1420 3352 sunt.

457 3388 511 3444 Sed
526 3389 632 3459 quando
646 3405 696 3444 nos
707 3388 758 3445 lruc
771 3389 879 3444 adduxit
890 3390 986 3454 oratio,
1001 3401 1073 3445 extra
1088 3390 1252 3462 propositum
1268 3405 1320 3444 non
1334 3390 1414 3445 luerit
1426 3389 1461 3445 de
1472 3388 1552 3444 variis
1565 3390 1618 3445 illis
1630 3389 1802 3447 Versionibus
1815 3406 1896 3462 parics
1910 3391 2051 3464 subjicere.

419 3486 600 3557 Hieronymus
614 3487 641 3541 in
654 3486 766 3558 epistola
780 3487 849 3550 lbb‘,
865 3486 897 3540 ad
911 3487 1038 3541 Sunuiam
1053 3497 1080 3541 et
1094 3486 1239 3553 Fretelam,
1253 3485 1392 3543 occasione
1406 3477 1580 3555 quorumdam
1596 3486 1713 3540 locorum
1729 3484 1864 3551 Psalterii,
1877 3485 1911 3541 de
1925 3501 1978 3556 quo
1992 3502 2053 3542 euin

418 3579 613 3645 consulebant,
628 3594 740 3649 grrecam
753 3577 825 3634 Lxx
839 3578 1014 3648 interpretum
1032 3579 1186 3633 Versionem
1201 3587 1293 3635 mouet
1307 3578 1333 3632 in
1349 3576 1451 3631 duabus
1464 3576 1628 3632 circumferri
1646 3576 1820 3642 editionibus;
1836 3592 1946 3648 quarum
1959 3578 2052 3644 altera,

418 3680 449 3726 et
463 3686 495 3725 ea
509 3670 615 3741 quidem
634 3671 718 3741 ipsius
732 3670 832 3738 judicio
854 3670 941 3724 atinus
954 3672 1097 3740 castigata,
1112 3669 1250 3726 dicebatur
1262 3669 1430 3737 Communis,
1444 3668 1553 3740 Vulgata
1565 3710 1572 3734 ,
1586 3680 1612 3723 et
1626 3669 1735 3724 Luciani
1750 3669 1832 3725 editio
1848 3687 1854 3722 :
1870 3670 1952 3724 altera
1965 3678 2052 3725 antem

418 3772 494 3825 erat,
508 3778 585 3832 quzc,
600 3770 629 3816 nt
641 3762 698 3834 ejus
711 3762 791 3816 rerba
804 3775 973 3831 usurpemus,
987 3761 1090 3815 babetur
1103 3762 1130 3814 in
1147 3761 1281 3832 choplir,
1296 3771 1323 3816 et
1335 3777 1392 3832 qnae
1404 3766 1431 3815 in
1444 3761 1598 3832 creditorem
1612 3760 1680 3815 libris
1692 3761 1839 3833 incorrepto
1852 3771 1874 3814 et
1890 3761 2054 3816 iminacnlotn

418 3863 573 3906 reservatur.
591 3854 627 3908 lle
639 3869 690 3923 qua
703 3855 781 3907 etiarn
795 3853 873 3922 paulo
885 3860 945 3905 aitte
958 3851 1060 3906 dixerat
1070 3892 1084 3915 ,‚
1095 3851 1128 3905 Et
1142 3868 1158 3905 o
1170 3852 1241 3907 nobis
1254 3852 1281 3905 in
1296 3851 1402 3905 latinum
1416 3867 1554 3905 serneonem
1569 3850 1675 3919 fideliter
1686 3866 1757 3906 emto
1771 3861 1821 3914 cst,
1837 3861 1859 3905 ct
1873 3850 2054 3922 Hierosolymis

418 3954 496 4012 atque
509 3946 535 3998 in
551 3944 660 3999 Orientis
675 3945 792 4000 Ecclesiir
809 3945 963 3999 dernnmmr.
985 3943 1058 3999 llauc
1073 3953 1234 4014 postremam
1254 3945 1382 4000 orationis
1400 3956 1502 4014 partem
1519 3946 1623 4001 ridetur
1637 3946 1811 4011 llincmarus,
1826 3949 1935 4018 epistola
1953 3964 2000 4001 sua
2019 3947 2052 4002 ad

418 4036 583 4093 Ludoricum
596 4038 744 4094 Germanic
755 4055 854 4108 regem,
866 4037 1026 4092 intellexisse
1038 4037 1072 4093 de
1082 4039 1137 4108 ipsa
1148 4037 1300 4109 Hieronymi
1317 4039 1490 4101 traductione,
1506 4054 1566 4094 cum
1580 4040 1678 4094 rectius
1695 4038 1727 4093 de
1741 4055 1824 4109 graeca
1840 4039 1955 4093 editione
1968 4039 2054 4092 Hexa-

418 4132 526 4202 plorum
543 4133 713 4204 intelligatur.
727 4133 797 4187 l‘etri
810 4131 906 4185 Pitlroei
919 4147 982 4187 vero
997 4129 1045 4185 luit
1059 4131 1158 4200 opinio,
1173 4130 1294 4186 camdem
1310 4146 1369 4187 esse
1383 4133 1531 4188 tersionem
1547 4132 1617 4185 illam
1628 4131 1792 4202 Hieronymi,
1806 4140 1884 4199 atque
1896 4129 2051 4184 Psalterium

417 4223 491 4293 quod
513 4224 661 4280 Hontanum
682 4233 794 4289 vocant3
812 4218 949 4294 Vulgat'am
975 4238 1054 4293 porro
1077 4231 1194 4277 nostram
1222 4238 1271 4281 aon
1294 4225 1372 4277 aliam
1396 4224 1559 4286 habendam,
1577 4238 1654 4292 quarn
1670 4232 1785 4277 ueterem
1804 4222 1959 4276 versionem
1975 4238 2006 4277 cx
2021 4234 2055 4277 ca

417 4314 538 4369 editione
551 4331 610 4386 quae
624 4315 732 4370 Luciani
749 4314 885 4370 dicebatur
906 4313 955 4385 (lle
966 4314 1052 4368 Latin.
1066 4313 1172 4369 Biblinr.
1186 4312 1376 4382 interpretibus,
1393 4329 1451 4382 paq.
1465 4311 1503 4383 6).
1524 4314 1621 4367 llcrurn
1637 4328 1688 4366 nou
1705 4314 1733 4366 lit
1747 4312 1889 4367 admodum
1909 4313 2053 4368 uerisimile

402 4419 475 4497 ‚erm
489 4409 539 4463 lert
555 4409 661 4478 ncgotio
675 4408 831 4463 psalterium
850 4422 927 4462 suum
947 4417 1064 4464 mutasse
1079 4407 1225 4463 Faciesiam
1239 4408 1385 4463 Honranatn
1402 4424 1408 4459 :
1424 4417 1609 4478 praeterquam
1626 4409 1694 4479 quod
1715 4410 1741 4464 in
1760 4411 1853 4466 codem
1868 4411 1912 4465 illo
1925 4410 2053 4466 Psalterin

418 4503 550 4556 lectiones
562 4500 682 4572 quaedam
697 4500 881 4556 desiderantur
894 4500 1018 4554 meliores
1034 4514 1065 4553 ae
1082 4498 1292 4564 emendatiores,
1308 4513 1374 4567 quas
1395 4497 1421 4552 in
1440 4512 1528 4569 greco
1546 4498 1722 4568 llexaplorum
1743 4518 1772 4557 se
1792 4502 1922 4572 reperisse
1944 4511 2055 4558 testatur

418 4595 609 4663 Hieronymus.
621 4592 662 4647 hd
675 4591 810 4662 vulgatam
822 4591 966 4647 editionem
979 4591 1049 4661 qund
1062 4592 1166 4652 attinet,
1180 4589 1247 4643 bona
1260 4589 1310 4643 lide
1322 4598 1427 4643 nostras
1439 4589 1472 4644 dc
1485 4590 1528 4645 illa
1540 4590 1706 4660 conjecturas
1717 4592 1761 4647 liic
1775 4608 1961 4662 proponemus.
1981 4591 2053 4648 ldenr

418 4687 481 4755 ipse
496 4686 670 4755 Hieronymus
688 4684 798 4755 epistula
817 4699 865 4738 sua
886 4685 918 4738 ad
940 4682 1048 4737 Paulam
1067 4691 1095 4737 et
1114 4682 1285 4738 Eustochium
1310 4681 1442 4750 siguificat
1463 4696 1492 4736 sc
1513 4683 1595 4736 semel
1615 4694 1695 4753 atque
1716 4684 1810 4739 iterum
1830 4685 1958 4740 Psalterio
1973 4684 2054 4740 latino

417 4778 454 4832 ad
468 4775 539 4830 Lxx
555 4775 728 4845 luterpretum
747 4775 892 4830 editionem
911 4775 1065 4844 castigando
1083 4789 1192 4843 operam
1206 4787 1335 4840 navasse,
1351 4774 1436 4842 primo
1449 4774 1542 4828 cnrsinr
1555 4784 1577 4827 et
1592 4791 1682 4844 niaque
1696 4792 1728 4828 en
1742 4785 1827 4845 parte,
1841 4792 1900 4830 enm
1920 4775 2007 4830 adlnrc
2026 4776 2061 4829 in

418 4869 487 4923 rrrbe
506 4876 675 4923 versaretur:
691 4867 809 4923 seeundo
827 4866 972 4937 dilipenter,
991 4866 1099 4936 jamque
1118 4867 1144 4920 iu
1158 4879 1266 4921 secessu
1286 4865 1390 4918 abditus
1407 4864 1634 4921 Betlrlelrcmitico.
1658 4866 1761 4923 Ultimae
1784 4866 1862 4937 liujus
1882 4868 2055 4924 correctionis

419 4961 582 5031 exeurplaria
593 4968 667 5031 optat
677 4969 705 5013 ut
716 4974 776 5014 cum
787 4973 849 5014 cura
861 4969 888 5012 et
898 4957 1030 5026 diligentia
1042 4956 1269 5022 transcribantnr;
1283 4970 1385 5010 necnon
1399 4955 1484 5010 eidem
1495 4955 1590 5010 addibe
1602 4957 1650 5012 abs
1661 4972 1690 5012 se
1703 4967 1771 5010 riute
1784 4957 1967 5026 appingantur,
1983 4957 2061 5013 obeli

418 5052 563 5117 uidelicet,
576 5066 592 5106 a
605 5051 700 5121 quibus
720 5048 854 5120 usquead
874 5048 1011 5118 sequentia
1026 5046 1078 5102 duo
1092 5056 1205 5118 puncta,
1227 5063 1287 5117 quar
1306 5046 1461 5116 legebantur
1479 5047 1548 5116 apud
1570 5047 1641 5101 Lxx
1662 5049 1771 5130 curaxiu
1794 5049 1900 5102 trebius
1919 5048 2053 5116 deessent,
2110 5037 2115 5047 ’

418 5143 642 5206 irreludebantur;
655 5152 683 5197 et
694 5141 829 5208 asterisci,
843 5139 939 5210 quibus
951 5139 1072 5194 similiter
1085 5154 1144 5209 qum
1157 5137 1190 5192 ad
1205 5138 1324 5208 proxima
1340 5138 1393 5194 duo
1402 5147 1498 5210 puncta
1512 5139 1707 5208 sequebantur,
1720 5156 1752 5193 ex
1766 5139 1953 5210 liebraeojuxta
1963 5141 2056 5199 'l'hco-

418 5235 537 5291 dolionis
554 5235 697 5290 editionem
714 5233 784 5290 txx
800 5231 988 5302 luterpretibus
1003 5232 1148 5286 accessisse
1162 5238 1252 5284 notum
1268 5229 1353 5285 lieret.
1371 5230 1451 5300 Atqui
1468 5231 1617 5300 liujusnmdi
1633 5233 1705 5299 sigua
1720 5234 1865 5310 etiqruumn
1880 5237 1904 5289 iu
1919 5239 2054 5293 ueteribus

417 5329 579 5399 quibusdam
594 5327 714 5409 Vulgatae¹
723 5326 924 5396 manuscriptis,
945 5340 996 5378 non
1014 5332 1101 5380 autent
1117 5325 1143 5378 in
1161 5323 1214 5378 alio
1232 5323 1289 5377 ullo
1306 5322 1495 5379 Psaitcrioruin
1513 5325 1655 5380 latinmrun
1674 5328 1792 5383 iuvenire
1809 5339 1860 5384 cst.
1881 5331 1944 5385 Haec
1958 5333 2012 5402 ipsa
2028 5335 2055 5388 in

418 5421 603 5492 cumpluribus
621 5419 756 5476 codicibus
771 5420 820 5476 sibi
838 5419 976 5474 obseruata
990 5415 1103 5471 lacobus
1115 5415 1201 5470 Faber
1213 5415 1379 5486 Stapulensis
1391 5415 1506 5470 affirmat
1525 5414 1641 5486 (Prolnq.
1657 5418 1684 5470 in
1700 5416 1855 5473 Psrrlterinm
1869 5423 2030 5494 quirrcnplee)
2047 5443 2053 5477 ι

419 5515 526 5584 ipsique
539 5514 666 5582 babemus
679 5527 734 5583 pra·
748 5511 868 5565 manibus
884 5510 1094 5579 antiquissimum
1114 5508 1273 5577 tripartitum
1287 5507 1444 5561 Psalterium
1459 5507 1673 5564 superinseruit
1690 5510 1760 5566 Petri
1775 5512 1964 5579 Carrrmmrsis,
1982 5517 2055 5585 ,quod

419 5609 448 5662 in
462 5607 549 5678 prima
560 5606 683 5661 columna
695 5603 851 5660 Psalterium
865 5602 1019 5673 Hieronymi
1032 5618 1063 5656 ex
1079 5600 1185 5656 hebraeo
1195 5600 1323 5660 continet,
1337 5599 1363 5652 in
1377 5598 1454 5653 tertia
1467 5607 1544 5653 vetus
1556 5599 1713 5673 Psalleripm
1727 5618 1742 5654 a
1756 5605 1875 5659 Homano
1886 5615 1966 5676 atquc
1979 5607 2012 5661 ab
2022 5623 2055 5661 eo

418 5715 476 5769 quo
486 5713 552 5753 usus
561 5706 602 5753 est
612 5697 783 5769 Augustinus,
797 5712 888 5766 parum
898 5696 1069 5764 discreparem
1083 5695 1108 5748 iu
1119 5691 1234 5749 secrrnda
1245 5706 1308 5745 vero
1319 5688 1462 5745 editionem
1471 5689 1610 5760 llulgatam
1620 5693 1727 5749 exhibet
1739 5710 1797 5750 eum
1809 5711 1887 5766 supra
1900 5700 2056 5755 memoratis

420 5790 580 5860 Hieronymi
594 5789 680 5846 obelis
692 5799 719 5843 et
730 5784 873 5844 asteriscis.
888 5787 954 5842 Hine
968 5786 1044 5843 iacile
1054 5785 1242 5857 persuademur
1255 5783 1395 5854 llulgatam
1407 5798 1466 5838 esse
1483 5783 1567 5852 ipsam
1587 5785 1658 5839 illam
1673 5786 1828 5843 versionem
1843 5789 1877 5845 ab
1890 5789 2065 5862 hieronymo·

418 5884 549 5941 maon
560 5884 631 5938 curis
645 5881 813 5939 emendatam
827 5898 834 5935 ε
848 5896 906 5951 quan
919 5890 1008 5935 ntrstra
1021 5879 1152 5935 sententia
1165 5879 1274 5946 iusuper
1286 5877 1442 5933 auctoritato
1455 5876 1626 5947 manuscripti
1640 5877 1808 5935 bibliothece
1819 5880 1977 5937 Colbertine
1988 5891 2050 5936 ante

419 5979 607 6049 septingentos
617 5993 703 6032 anuos
714 5976 814 6032 exarati
826 5975 1007 6040 confirmatur,
1022 5975 1066 6044 qui
1077 5973 1215 6043 vulgatam
1226 5985 1287 6024 curn
1300 5971 1392 6027 iisdem
1406 5969 1619 6042 llieronymianis
1630 5971 1710 6037 notis,
1725 5981 1752 6026 et
1763 5972 1813 6028 sub
1825 5975 1874 6028 liae
1886 5972 2055 6042 inscriptione
2107 5960 2114 5975 '

419 6070 635 6148 comprehcndit,
649 6069 724 6126 nne
734 6068 896 6124 Probnorrrm
908 6068 938 6123 dc
950 6067 1113 6122 trnmlatione
1123 6065 1289 6138 Septuaginta
1299 6065 1473 6137 interpretum,
1487 6063 1673 6118 eneudnnmn
1687 6074 1773 6121 sancto
1784 6065 1939 6137 Hieronymo
1952 6066 1978 6119 in
1989 6081 2051 6121 nouo
