5025 6925
448 680 493 739 231
1044 681 1073 738 s.
1093 676 1276 739 aucnsrnu
1295 680 1443 739 ruscum
1520 677 1522 681 ’
1551 643 1553 649 ’

482 795 507 848 ι.
531 793 605 863 luera
617 790 659 864 5.]
671 791 899 862 Audirimasjam,
915 791 1018 854 lratres,
1035 792 1104 862 qnod
1114 791 1231 863 qnotidie

446 895 499 934 nnn
513 887 630 940 caretum
643 876 781 931 audiamus
791 876 853 947 quid
868 876 1024 931 clamaverit
1038 893 1084 945 per
1095 877 1232 931 enlumnas

447 972 503 1027 lies.
514 970 630 1040 Tempus
652 969 773 1025 audiendi
788 978 830 1025 est
854 979 961 1040 propter
982 978 1109 1025 terrerem
1135 969 1229 1023 illum:

447 1064 501 1133 liqo
507 1062 759 1134 iustitierjudicoio,
773 1078 830 1116 cum
841 1078 960 1131 accepero
973 1072 1079 1132 ternpus.
1096 1061 1142 1117 llle
1156 1076 1232 1116 acee-

448 1165 538 1222 ptnrus
550 1163 592 1208 est
605 1163 709 1223 tempus
721 1152 839 1222 justitias
854 1151 988 1222 judicandi
1002 1168 1009 1217 ;
1025 1166 1073 1206 ros
1087 1151 1141 1222 jam
1162 1165 1231 1204 nnnc

446 1245 547 1300 tolletis
560 1255 663 1314 tempus
680 1243 795 1313 justitias
810 1241 932 1297 lneieudi.
945 1242 972 1297 Si
992 1252 1099 1309 taceret,
1115 1257 1167 1295 nnn
1185 1240 1232 1294 lra-

446 1338 544 1393 lreretis
557 1338 620 1408 qnid
634 1338 734 1400 lacere;
751 1335 796 1391 sed
809 1334 1110 1391 ennllrmetiseolrmrnis
1121 1334 1228 1388 clamat.

447 1430 514 1499 Quid
527 1429 641 1485 elamat?
654 1428 716 1483 Dici
728 1429 819 1499 iniquis
833 1446 842 1483 :
862 1426 949 1481 Nolite
962 1428 1045 1497 inique
1055 1427 1147 1495 secere.
1167 1423 1230 1479 cta-

446 1532 510 1585 mat,
523 1521 619 1577 lratres
633 1522 683 1575 mei
694 1537 702 1585 ;
712 1530 784 1576 certe
796 1520 927 1583 clamatis,
941 1517 1055 1573 delectat
1067 1531 1130 1579 ros,
1142 1514 1231 1570 audite

341 1626 344 1633 ’
443 1617 612 1670 clamantem.
625 1615 675 1669 l‘er
686 1614 771 1683 ipsum
781 1613 903 1676 obscero,
920 1619 1014 1666 terreat
1030 1626 1076 1666 ros
1091 1610 1140 1664 ista
1154 1624 1227 1662 rnx:

375 1709 377 1714 '
445 1718 571 1764 nontam
593 1723 642 1763 nes
667 1717 763 1762 restra
782 1708 839 1761 istm
861 1719 942 1761 uoces
958 1705 1089 1759 delectare
1113 1702 1229 1790 dehent:

445 1816 523 1871 qrram
539 1816 587 1855 rns
602 1801 659 1854 istae
670 1811 780 1855 terrere.
796 1797 858 1852 Dici
869 1796 980 1868 iniquis:
991 1794 1077 1849 Nolite
1085 1794 1170 1862 inique
1191 1795 1232 1864 so·

445 1909 509 1948 rere:
524 1892 577 1947 Sed
589 1892 643 1958 iam
652 1890 781 1953 lecerunt,
793 1898 820 1944 et
828 1888 866 1944 rei
880 1896 959 1951 sunt,
969 1886 1024 1956 jam
1037 1885 1142 1953 delinxit
1153 1893 1230 1951 term,

445 1995 470 2039 ει
479 1982 744 2039 οιπιειιιιιιιιιιιιιιιει
758 1982 785 2035 in
795 1997 836 2035 err.
847 1978 1002 2050 compuncti
1022 1986 1084 2032 sunt
1093 1976 1173 2032 eorde
1187 1976 1232 2046 qni

446 2076 582 2131 Christum
595 2073 798 2139 errreiluernnt;
811 2080 976 2143 agnomrunt
989 2079 1127 2141 peecatum
1142 2083 1230 2134 srrnrn,

444 2173 595 2228 didicerunt
617 2168 716 2240 aliquid
738 2166 985 2237 stupendisque
1006 2165 1180 2233 desperarent
1197 2159 1232 2215 de

371 2270 374 2279 '
445 2245 607 2335 indulgentia
622 2260 824 2332 praedicatoris¹
849 2258 915 2330 (flet.
932 2274 961 2323 u,
975 2258 1020 2322 at,
1036 2256 1094 2327 38).
1115 2254 1232 2311 lledieus

444 2358 515 2413 enim
524 2364 644 2421 venerat,
657 2366 684 2410 et
696 2354 756 2409 ideo
766 2368 818 2409 non
832 2353 865 2409 ad
878 2358 1076 2407 sanosrenerat
1090 2367 1096 2403 :
1111 2347 1171 2403 Non
1184 2356 1230 2411 ert,

445 2450 539 2520 inquit,
552 2465 616 2519 opus
629 2450 699 2500 ronls
711 2445 831 2508 medient,
854 2444 899 2498 ced
910 2443 976 2496 mole
988 2441 1153 2502 linientibus:
1181 2454 1232 2492 non

443 2542 499 2596 rani
509 2540 693 2609 oocorejurtos,
702 2537 746 2591 seri
754 2544 893 2606 peccatores
903 2534 937 2588 ed
946 2534 1116 2606 penitentiam
1126 2530 1230 2605 (llcttlr.

449 2648 487 2696 ιι,
502 2631 566 2685 liet
578 2628 635 2699 lia).
652 2628 732 2699 Ergo,
750 2627 812 2681 lliri
824 2627 917 2692 iniquis
930 2642 939 2680 :
954 2624 1041 2679 Nolite
1047 2625 1230 2694 iniqursurere.

447 2724 504 2778 Non
517 2720 666 2777 audierunt.
679 2719 749 2775 Olim
761 2719 833 2774 enirn
845 2718 922 2773 nobis
934 2717 1084 2772 dictumest
1097 2730 1105 2780 ;
1119 2728 1171 2768 non
1185 2728 1233 2767 an-

444 2816 570 2879 divimus,
583 2813 651 2882 lapsi
660 2826 762 2878 sumes,
772 2810 898 2865 mortales
910 2807 982 2875 laeti,
995 2806 1124 2862 mortales
1133 2804 1230 2876 geniti:

445 2907 551 2976 delinxit
570 2913 647 2959 terre.
669 2902 785 2958 Arrdiant
800 2901 842 2956 rel
859 2899 948 2965 mado,
964 2908 993 2953 ιιι
1008 2905 1128 2967 surgant,
1149 2894 1233 2950 medi·

444 2996 558 3067 enrnqui
570 2995 644 3051 uenit
654 2992 687 3049 ad
701 2992 854 3064 languidum
876 3008 882 3045 :
899 3005 978 3061 quern
991 2987 1232 3045 nolueruntaudire

444 3088 511 3152 enni,
526 3096 556 3141 ut
574 3101 627 3141 non
649 3083 793 3148 caderent;
807 3083 916 3138 audiant
925 3084 1056 3153 jacentes,
1068 3090 1096 3134 ut
1110 3087 1231 3150 surgant.

449 3179 508 3233 liiai
519 3178 612 3247 iniquis
628 3192 638 3231 .·
655 3175 741 3230 Nolite
752 3175 836 3243 inique
846 3174 937 3243 [ocem.
952 3170 1021 3240 Quid
1035 3170 1138 3241 agimus
1152 3187 1159 3224 ε
1172 3168 1230 3224 lum

445 3272 564 3325 inimus.
579 3269 613 3325 Et
627 3268 826 3337 delinqueretur
841 3283 851 3321 :
865 3266 953 3320 Nolite
972 3264 1085 3320 eruitur
1097 3279 1176 3318 cornu
1188 3278 1231 3316 oe·

442 3373 522 3415 rtrum
540 3363 561 3415 ¹.
581 3361 649 3429 Quid
675 3369 716 3416 est
745 3358 813 3414 troci
835 3358 862 3414 Si
878 3357 977 3414 lecistis
998 3355 1161 3426 iniquitatem
1183 3369 1232 3423 per

442 3452 622 3522 cupiditatem,
647 3450 729 3506 nolite
747 3465 805 3504 eam
830 3447 975 3504 detondere
996 3463 1044 3518 per
1064 3446 1229 3503 elationem:

442 3543 617 3610 confitemini,
632 3543 657 3596 si
671 3541 780 3597 lecistis.
800 3540 853 3608 Qui
865 3541 936 3596 enim
958 3556 1011 3595 nnn
1028 3539 1179 3606 confitetur,
1204 3547 1232 3594 et

443 3635 550 3704 iniquas
562 3640 612 3697 est,
628 3633 639 3664 ⁸
651 3633 749 3688 exaltat
757 3647 851 3687 cornu.
876 3629 936 3684 Diei
954 3631 1046 3700 iniquis
1056 3646 1066 3684 .·
1078 3629 1165 3684 Nolite
1177 3631 1229 3684 ini-

442 3743 490 3796 que
501 3729 602 3799 [crem
618 3734 641 3778 et
658 3722 858 3794 delinquentibus
876 3738 887 3775 :
913 3719 1001 3776 Nolite
1014 3721 1125 3775 excitare
1151 3737 1230 3776 cornu

442 3825 559 3870 oestrum.
585 3813 750 3869 Exaltalritur
762 3813 790 3866 in
810 3811 886 3867 robis
904 3826 987 3866 corrru
1007 3810 1116 3874 Christi,
1136 3813 1157 3867 si
1175 3828 1229 3866 non

442 3905 577 3961 exaltetur'
589 3919 672 3959 cornu
691 3914 818 3959 restrum.
834 3899 923 3957 Gnrnu
941 3911 1059 3957 restrum
1079 3902 1113 3958 de
1132 3902 1229 3972 irriqni·

443 4006 497 4052 tate
520 4004 561 4052 est
574 4011 582 4062 ;
597 4010 680 4051 cornu
693 3994 790 4051 Christi
802 3994 836 4050 de
849 3993 998 4062 maiestate.

446 4125 448 4129 -
479 4088 507 4143 8.
522 4086 596 4160 [verr.
609 4084 682 4158 aa]
705 4084 792 4139 Nolite
801 4099 859 4155 erqo
868 4083 953 4150 efferri
965 4099 976 4138 .·
987 4101 1018 4139 ne
1030 4085 1168 4152 loquamini
1179 4085 1228 4138 ed·

441 4197 527 4235 nerem
540 4180 619 4234 Deum
631 4179 796 4250 iniquitaten.
812 4177 970 4248 Auditejam
981 4193 1061 4234 ιὀεεε
1068 4180 1226 4245 multorum3

445 4270 536 4325 audiat
549 4270 744 4339 unusquisque.
758 4278 786 4323 et
798 4278 940 4340 pungatur.
955 4267 1023 4336 Quid
1038 4268 1125 4325 solent
1139 4269 1226 4323 hnmi-

444 4375 492 4416 nes
503 4360 613 4416 dieerel
624 4359 692 4415 Vere
701 4359 802 4429 judicat
821 4358 891 4414 lieus
905 4357 1029 4414 derebus
1049 4359 1187 4414 humanis?
1201 4368 1229 4414 et

443 4460 485 4507 est
502 4451 701 4521 illudjurlicirnn
718 4449 804 4505 uet⁸r
823 4460 869 4504 aut
881 4465 947 4505 uero
962 4460 1038 4506 curat
1051 4451 1114 4522 quid
1135 4461 1228 4522 agatur

443 4547 471 4601 in
484 4544 572 4601 terrai
585 4544 649 4598 'l'am
664 4543 741 4598 multi
761 4542 843 4613 iniqui
865 4542 1014 4596 redundant
1037 4542 1224 4605 lelicitatilms;

444 4638 599 4692 innoeentes
620 4643 776 4705 premuntur
809 4633 960 4688 laboribus!
994 4632 1047 4688 Sed
1074 4632 1111 4687 illi
1131 4633 1228 4688 accidit

442 4725 608 4798 nescioquid
630 4725 704 4792 mali,
718 4724 865 4794 castigante
886 4724 941 4779 lieo
965 4732 993 4778 et
1015 4723 1185 4790 admonente,
1201 4734 1228 4778 et

443 4819 516 4874 norit
528 4816 719 4873 conscientiam
735 4828 828 4878 suam;
844 4814 917 4869 norit
930 4829 978 4884 pro
989 4814 1087 4868 merito
1101 4824 1226 4885 peecato-

440 4925 499 4964 rum
512 4923 619 4964 snorum
639 4905 738 4978 aliquid
762 4921 792 4961 se
815 4905 915 4975 perpeti
940 4920 1019 4974 posse
1034 4922 1042 4962 :
1057 4905 1126 4961 unde
1145 4921 1226 4977 argu·

440 4999 714 5058 mentaturadrersus
734 4996 837 5051 Deuml
861 4995 927 5063 Quia
941 5012 993 5050 non
1010 5005 1096 5066 potest
1116 4998 1225 5065 dicere,

439 5092 530 5145 iustus
543 5105 619 5156 sum;
634 5089 699 5159 quid
713 5098 836 5159 putamus
850 5103 910 5141 eum
922 5087 1031 5142 dicere?
1045 5089 1113 5144 Sunt
1123 5091 1226 5159 pejores

369 5231 378 5237 .
439 5181 533 5252 iniqui,
547 5192 573 5236 et
586 5192 673 5237 umen
689 5181 740 5236 ista
754 5196 806 5235 non
815 5181 961 5251 patiuntur.
977 5180 1039 5236 liae
1050 5191 1092 5238 est
1103 5183 1227 5252 iniquitas

382 5273 384 5279 '
439 5286 519 5341 qnam
530 5270 676 5341 loquuntur
690 5272 812 5328 immines
822 5271 950 5328 adversus
965 5272 1057 5326 Deum.
1072 5271 1164 5328 Videte
1178 5288 1226 5328 an·

441 5376 494 5420 tem
507 5379 588 5435 quarn
604 5364 723 5435 iniquum
742 5366 777 5420 sit
793 5365 875 5420 :dum
897 5378 926 5418 se
939 5364 995 5419 uult
1012 5366 1113 5434 justum
1129 5366 1224 5436 rideri,

439 5458 514 5512 ilium
531 5456 594 5511 lacit
611 5456 749 5525 injustum.
764 5457 815 5524 Qui
835 5457 906 5512 enim
928 5457 1001 5521 dicit,
1026 5456 1117 5526 lrrique
1138 5460 1225 5527 patior

444 5549 513 5621 qnod
527 5547 632 5619 patior:
651 5548 724 5603 illum
736 5549 854 5620 iniquum
867 5549 929 5605 lacit
948 5550 1025 5618 euius
1042 5550 1142 5619 judicio
1155 5553 1224 5621 pati·

442 5654 496 5708 tur,
516 5655 546 5697 se
559 5648 648 5694 autem
661 5638 761 5707 justum
779 5641 822 5709 qni
834 5641 924 5709 inique
948 5643 1055 5710 patitur.
1081 5640 1222 5713 ltngrrvns,

442 5739 538 5791 tratres
552 5734 615 5800 mei,
633 5746 736 5802 aeqtrum
751 5742 792 5786 est
803 5732 863 5797 loe,
878 5742 907 5786 nt
928 5734 997 5788 licus
1012 5733 1135 5788 eradatur
1157 5735 1224 5804 iniu-

469 5893 477 5922 ¹
492 5887 586 5952 aliquot
595 5894 659 5945 llas,
670 5890 813 5950 pecatores.

469 5953 480 5983 ¹
492 5958 550 6006 ror,
563 5957 674 6004 restrum,
686 5948 726 5997 hic
734 5954 760 5996 ει
772 5944 831 5994 inlra
843 5946 912 5995 abest
921 5958 935 5993 a
943 5945 1066 6009 ntensrme
1076 5954 1129 5998 ttss.

470 6014 480 6042 ³
492 6012 558 6071 edd,
570 6019 592 6060 et
604 6010 694 6060 crollet
705 6022 788 6059 rurore.
800 6009 873 6057 Abest
881 6007 1005 6070 particula,
1017 6016 1048 6065 et,
1060 6016 1136 6058 altas.

469 6074 526 6121 *stc
537 6071 651 6122 meliores
661 6078 713 6122 uss.
734 6079 760 6118 ιι
779 6069 850 6119 edd:
874 6079 932 6119 rere
944 6081 989 6118 non
1009 6069 1099 6124 iudicet
1114 6079 1175 6122 nens
1192 6071 1222 6122 de

434 6135 505 6185 elus
516 6133 634 6185 lrrrrnmrr's.
649 6141 677 6184 ιι
686 6140 720 6184 εει
732 6132 806 6184 tritum
815 6130 858 6182 uei
863 6119 1009 6194 indictuni

2024 694 2075 751 ‘iii

1287 802 1353 860 stus,
1368 804 1395 850 tu
1405 798 1513 867 justus?
1535 798 1600 855 (lum
1620 809 1709 858 antem
1722 802 1778 859 liare
1791 802 1867 867 dicis,
1891 805 2012 877 loqueris
2028 806 2071 857 nd·

1288 900 1381 940 versus
1395 887 1476 943 Derim
1493 890 1667 960 iniquitatem.

1320 977 1347 1032 a.
1362 977 1428 1044 Qun
1446 979 1510 1035 unu
1529 981 1554 1035 n
1578 982 1631 1037 un
1646 983 1769 1053 ptumo
1783 984 1845 1040 trac
1859 966 1943 1055 rtem
1958 1002 2072 1042 :nnme-

1285 1068 1348 1121 ratis
1361 1069 1516 1139 quibusdam
1531 1075 1654 1142 peccatis.
1669 1074 1741 1142 llec,
1758 1077 1959 1150 inquietanti,
1989 1088 2015 1131 et
2036 1088 2072 1132 te·

1285 1158 1335 1213 rui.
1357 1160 1424 1229 Quid
1438 1170 1488 1228 est,
1503 1164 1590 1218 turni?
1612 1165 1750 1235 Nunquam
1773 1176 1844 1223 tacet
1856 1177 2007 1238 precepto,
2027 1171 2071 1224 sed

1284 1250 1389 1306 interim
1406 1262 1474 1307 tacet
1487 1254 1615 1323 supplicio
1627 1272 1634 1318 ;
1648 1256 1759 1325 quiescit
1772 1272 1787 1311 a
1801 1257 1927 1322 vindicta,
1943 1273 1999 1313 non
2014 1273 2071 1328 pre

1283 1340 1335 1396 lert
1345 1342 1533 1399 indemnatum
1543 1348 1713 1401 sententiam.
1725 1345 1778 1403 Sed
1793 1348 1843 1404 hoc
1854 1348 1898 1404 ille
1910 1348 1979 1404 dicit
1991 1367 1998 1403 ε
2014 1349 2073 1404 Feci

1284 1434 1327 1489 illa
1342 1446 1369 1490 et
1382 1436 1435 1500 illn,
1451 1447 1478 1492 et
1491 1452 1543 1492 nnn
1559 1437 1701 1493 vindicarit
1719 1439 1805 1505 Deus3
1830 1454 1894 1497 eece
1904 1455 1990 1497 sanus
2003 1456 2073 1503 sum,

1283 1523 1349 1577 nihil
1363 1527 1424 1580 mali
1438 1527 1547 1598 contigit
1560 1528 1635 1585 milri.
1654 1528 1718 1583 llere
1736 1531 1827 1601 fedati,
1842 1540 1867 1587 et
1885 1532 1955 1586 terei
1967 1546 1978 1586 .·
1988 1533 2073 1602 suspi-

1283 1626 1354 1671 catus
1367 1632 1393 1671 er
1405 1617 1568 1687 iniquitatem.
1592 1620 1718 1691 quodem
1740 1622 1783 1675 tibi
1801 1622 1901 1678 similia.
1923 1622 1998 1690 Quid
2023 1631 2074 1687 εει,

1283 1707 1350 1777 quod
1371 1708 1589 1769 eretiiirimiiir?
1607 1709 1673 1778 Quia
1686 1720 1712 1767 tu
1726 1710 1832 1782 iniquus
1842 1728 1885 1779 es,
1908 1724 1938 1768 et
1960 1728 2006 1767 me
2024 1713 2074 1768 ini·

1283 1814 1365 1868 quum
1376 1800 1473 1871 putasti
1484 1818 1491 1864 ;
1504 1811 1626 1873 tanqrram
1640 1804 1841 1875 approbatorem
1854 1804 2006 1861 facinorum
2018 1815 2064 1861 tuo

1284 1905 1354 1957 rum,
1368 1906 1420 1945 non
1435 1892 1632 1950 adversatorem
1644 1896 1663 1961 ²,
1675 1911 1726 1950 non
1741 1896 1864 1954 ultorem.
1874 1896 1907 1951 Et
1918 1896 1987 1968 quid
1999 1908 2074 1969 pnet-

1283 1997 1315 2038 ca
1340 1984 1386 2040 tihi
1400 1984 1485 2040 dieitl
1511 1987 1622 2056 iquunrn
1634 1997 1668 2053 te,
1682 1996 1704 2041 et
1711 1988 1862 2041 constituent
1874 1998 1898 2042 te
1910 1998 1974 2044 onte
1987 1990 2075 2059 furiem

1284 2087 1354 2131 tuam
1367 2076 1450 2147 (Pscl.
1463 2094 1536 2145 xnrr,
1547 2077 1603 2151 ιι).
1619 2079 1685 2148 Quid
1697 2088 1739 2135 est
1749 2079 1798 2134 lnce
1808 2079 1820 2133 i
1832 2081 1899 2147 Quia
1914 2081 1999 2136 medo
2013 2096 2070 2153 pec·

1283 2168 1369 2223 cando
1379 2177 1438 2239 post
1450 2178 1523 2240 terga
1538 2179 1563 2225 te
1576 2171 1662 2239 penis,
1677 2185 1728 2226 nou
1742 2180 1767 2227 te
1781 2171 1866 2238 rides,
1882 2187 1936 2227 nnn
1949 2182 1978 2228 te
1993 2173 2071 2243 inspi-

1283 2258 1336 2325 cis;
1353 2274 1403 2329 ege
1413 2269 1438 2316 te
1459 2276 1554 2331 ponam
1571 2271 1676 2327 aurete,
1699 2271 1727 2317 et
1740 2261 1835 2318 luciam
1847 2262 1897 2318 tilri
1910 2262 2073 2333 supplicium

1283 2346 1318 2404 de
1331 2359 1366 2405 tc.
1381 2350 1425 2407 Sic
1436 2362 1461 2408 ει
1476 2352 1526 2408 lric.
1542 2350 1584 2407 Ne
1596 2353 1733 2423 loquamini
1745 2354 1867 2409 adrasus
1881 2352 1968 2408 Deum
1980 2354 2073 2424 iniqui·

1283 2451 1368 2496 tatem.
1382 2444 1526 2500 Attendite.
1543 2444 1616 2499 lluiti
1630 2454 1717 2501 antem
1731 2444 1874 2518 loquuntur
1885 2445 1966 2501 istam
1981 2445 2074 2516 iniqui·

1285 2540 1364 2588 tatem
1377 2549 1384 2599 ;
1405 2534 1519 2590 sednon
1534 2535 1633 2591 audent
1645 2536 1741 2607 palam,
1756 2552 1790 2591 ne
1804 2536 1959 2607 blasphemi
1977 2537 2074 2592 exlror·

1283 2634 1393 2680 reantur
1405 2624 1439 2679 ab
1451 2624 1602 2681 lierninilms
1615 2627 1665 2697 piis
1680 2643 1687 2679 ι
1702 2626 1727 2681 in
1738 2626 1819 2683 corde
1830 2642 1881 2682 suo
1896 2627 1948 2682 ista
1967 2627 2073 2692 rodunt,

1284 2714 1355 2771 irrtns
1368 2716 1412 2771 teli
1427 2716 1529 2772 nelarie
1547 2718 1608 2772 elbo
1620 2728 1779 2787 pereuntum
1797 2717 1913 2773 delectat
1933 2733 1984 2774 eos
2005 2717 2073 2789 loqui

1283 2809 1411 2865 aduersus
1433 2810 1527 2875 Deum,
1549 2819 1577 2865 et
1593 2811 1615 2864 si
1637 2825 1690 2865 non
1705 2820 1846 2881 erumpunt
1868 2810 1971 2881 lingna,
1997 2810 2072 2867 reule

1283 2916 1336 2954 nnn
1349 2905 1443 2955 tacent.
1459 2899 1534 2956 Unde
1546 2901 1572 2954 in
1585 2900 1639 2955 alin
1651 2900 1754 2969 psalmo
1764 2900 1859 2956 dieitur
1873 2918 1880 2954 :
1896 2900 1973 2955 ltiait
1986 2904 2072 2956 stultus

1283 2993 1310 3047 in
1322 2993 1398 3047 corde
1408 3010 1464 3059 reo,
1488 2992 1547 3047 Non
1562 3003 1598 3048 est
1608 2992 1677 3048 Deua
1688 2992 1772 3066 (Pani.
1788 3009 1844 3059 rur,
1863 2994 1900 3064 l).
1923 2992 2000 3049 llicit
2013 2994 2071 3047 stai-

1284 3094 1343 3146 tur,·
1366 3084 1413 3137 sed
1426 3083 1549 3139 hemines
1563 3084 1669 3139 timuit:
1681 3084 1766 3139 nolrrit
1779 3084 1869 3139 dicere
1887 3082 1931 3139 uiri
1952 3083 2071 3138 audirent

1284 3173 1423 3238 tn›mtnes;
1446 3185 1474 3229 et
1486 3174 1522 3229 ibi
1536 3173 1612 3239 dixit,
1636 3175 1679 3229 ubi
1692 3174 1797 3230 audiret
1811 3175 1869 3245 ipse
1881 3173 1915 3229 de
1928 3189 1982 3245 quo
1993 3174 2071 3230 dixit.

1284 3265 1426 3336 Propterea
1438 3274 1466 3321 et
1480 3266 1522 3322 hie
1533 3266 1558 3320 iu
1568 3266 1618 3321 isto
1628 3265 1912 3336 psalmmrlrarissimi,
1928 3266 2070 3330 intendite,

1283 3357 1407 3426 quoniam
1421 3356 1473 3412 lroe
1486 3355 1556 3427 quod
1570 3356 1646 3424 dixit,
1670 3355 1756 3410 Nolite
1767 3355 1838 3427 ,loqui
1850 3358 1972 3412 aduam
1989 3354 2071 3411 licum

1282 3448 1446 3520 iniquitatem,
1469 3448 1531 3504 vidit
1547 3448 1644 3504 multos
1665 3447 1716 3503 hoe
1730 3448 1757 3503 in
1769 3447 1850 3504 eorde
1872 3464 1965 3520 agere,
1986 3459 2014 3505 et
2027 3451 2070 3504 ad·

1282 3541 1386 3610 junxit:
1403 3540 1528 3607 Quoniam
1538 3540 1656 3613 nequeat
1671 3541 1776 3608 oriente,
1798 3557 1879 3612 neque
1892 3542 1923 3595 αι
1933 3543 2070 3607 occidente,

1282 3650 1388 3705 nequeo
1409 3633 1513 3688 dmertir
1527 3634 1670 3701 rnontiuru,·
1692 3635 1810 3702 quoniam
1829 3633 1901 3690 lietu
1919 3635 2005 3707 jader
2024 3646 2070 3691 ert.

1281 3724 1451 3796 iniquitatum
1466 3734 1571 3779 tuarum
1582 3724 1663 3794 judex
1678 3726 1748 3782 [teus
1760 3735 1812 3782 est.
1826 3724 1854 3783 Si
1868 3727 1940 3782 Deus
1951 3735 2003 3793 est,
2014 3730 2070 3782 ulii·

1281 3832 1333 3887 que
1346 3831 1463 3886 praesens
1476 3825 1527 3871 est.
1549 3816 1607 3883 Quo
1620 3815 1763 3872 recoleres
1776 3818 1810 3871 ab
1821 3818 1907 3873 aculis
1922 3818 1982 3884 Dei,
2003 3830 2032 3874 nt
2045 3820 2069 3873 in

1282 3919 1356 3980 parte
1379 3910 1466 3980 aliqua
1488 3909 1605 3980 loquaris
1623 3911 1693 3981 quod
1718 3911 1762 3967 ille
1780 3925 1833 3966 non
1858 3912 1973 3968 audiat?
1997 3914 2024 3967 Si
2039 3915 2069 3968 alr

1281 4003 1383 4058 oriente
1396 4001 1496 4072 judicat
1519 4002 1599 4069 licus,
1622 4002 1718 4057 secede
1737 4002 1763 4056 in
1783 4003 1964 4069 occidentem,
1985 4017 2011 4060 et
2029 4006 2069 4060 dir

1280 4092 1408 4163 quidquid
1429 4092 1469 4148 ris
1481 4092 1609 4148 adversus
1625 4093 1725 4155 Deum:
1748 4093 1769 4147 si
1783 4093 1818 4148 ab
1831 4095 1984 4161 occidente,
2006 4095 2068 4149 rade

1281 4184 1307 4237 in
1320 4185 1461 4249 orientem,
1483 4193 1510 4239 et
1524 4183 1560 4238 ibi
1582 4183 1707 4254 loquere;
1732 4184 1784 4239 sia
1805 4184 1920 4242 desertis
1942 4188 2068 4242 monrium

1278 4274 1389 4344 judicat,
1398 4274 1498 4330 vadein
1514 4275 1629 4330 medium
1642 4275 1811 4345 pupularum,
1825 4277 1868 4332 ubi
1886 4277 1933 4333 riui
1946 4280 2069 4335 submur-

1279 4382 1378 4422 mures.
1401 4368 1437 4423 lle
1456 4367 1531 4423 nullo
1550 4367 1752 4436 loco*judicat,
1768 4369 1812 4440 qui
1829 4371 1930 4442 ubique
1953 4381 2069 4429 secretus

1279 4470 1330 4521 est,
1347 4459 1444 4530 ubique
1458 4459 1599 4529 pnlriieus;
1621 4475 1700 4530 quern
1714 4460 1777 4515 nulli
1797 4461 1859 4516 lieet
1877 4470 1960 4518 otest
1971 4478 2068 4534 enque

1279 4569 1364 4617 scere,
1379 4563 1497 4625 atquem
1514 4570 1592 4611 nemo
1604 4555 1767 4625 permittitur
1779 4557 1912 4628 ignorare.
1931 4559 1999 4616 Vide
2008 4560 2067 4630 qnid

1279 4663 1351 4718 agas.
1375 4647 1502 4719 Loqueris
1516 4648 1644 4704 adversus
1658 4649 1740 4705 lleum
1757 4651 1935 4721 iniquitatem.
1957 4654 2068 4725 Spiritu

1280 4739 1384 4794 Domini
1396 4741 1499 4811 replerit
1511 4741 1594 4795 oriem
1615 4751 1739 4796 terrorum
1755 4741 1825 4812 (alia
1845 4743 1985 4813 Scriptura
2006 4746 2068 4801 dicit

1280 4833 1340 4904 lior)
1351 4850 1358 4900 ;
1369 4844 1392 4888 et
1405 4834 1452 4888 troc
1461 4835 1529 4905 quod
1541 4835 1648 4888 contiru‘t
1656 4838 1741 4888 onruiu
1749 4836 1879 4889 acientinut
1892 4837 1969 4892 iniret
1983 4839 2068 4893 coar:

1280 4935 1381 4994 propter
1395 4926 1442 4979 troc
1454 4926 1498 4994 qui
1510 4925 1621 4996 loquitur
1633 4927 1729 4992 inique,
1744 4944 1793 4981 non
1808 4938 1887 4998 potert
1897 4928 1979 4983 ictae
1991 4931 2066 5003 (Sep.

1279 5030 1297 5077 ι,
1308 5017 1354 5069 let
1363 5015 1402 5086 8).
1418 5016 1476 5071 ttoti
1488 5016 1675 5087 ergoeogitare
1690 5017 1773 5072 licum
1787 5018 1813 5072 in
1829 5019 1909 5083 lucis;
1924 5020 1972 5076 ille
1983 5031 2066 5078 tecum

1279 5114 1320 5161 est
1332 5106 1403 5171 talis,
1427 5107 1512 5176 qualis
1527 5106 1619 5162 leeris.
1633 5106 1701 5173 Quid
1714 5119 1756 5162 est
1767 5109 1835 5172 talis,
1857 5109 1946 5178 qualis
1969 5109 2066 5167 leeris?

1280 5198 1383 5260 Bonus,
1405 5199 1427 5253 si
1443 5201 1528 5254 hunus
1545 5196 1639 5257 leeris:
1662 5208 1690 5253 et
1710 5181 1794 5253 malus
1815 5200 1861 5254 ritu
1885 5201 2031 5268 ridebitur,
2046 5204 2065 5258 si

1278 5291 1364 5345 nialus
1381 5290 1462 5346 leeris
1473 5291 1534 5346 :sed
1548 5291 1691 5362 opitulator
1702 5292 1725 5345 si
1742 5291 1826 5346 bontas
1837 5291 1937 5359 lueris;
1965 5296 2035 5352 ultor
2046 5296 2066 5351 si

1278 5382 1362 5435 malus
1372 5382 1463 5438 tueris.
1476 5381 1513 5435 lut
1526 5381 1607 5436 habes
1619 5380 1735 5450 judicem
1745 5383 1771 5436 in
1782 5391 1950 5439 secretotuo.
1972 5386 2067 5442 Volent

1279 5471 1366 5528 lacere
1380 5472 1478 5543 aliquid
1492 5472 1564 5537 rnnli,
1587 5469 1620 5525 de
1640 5471 1746 5541 publico
1758 5471 1853 5542 recipis
1867 5482 1893 5528 ιε
1913 5474 1941 5528 in
1960 5475 2064 5530 domum

1278 5576 1361 5631 tuam,
1377 5563 1420 5618 ulri
1441 5579 1518 5618 nenm
1532 5563 1698 5617 inimicorum
1712 5562 1818 5626 rideam
1842 5563 1877 5619 de
1893 5564 1962 5623 locis
1975 5567 2063 5622 donne

1278 5665 1330 5712 true
1345 5654 1474 5726 promptis
1486 5664 1514 5709 et
1527 5653 1552 5707 in
1566 5653 1659 5707 taciem
1680 5652 1841 5714 constitutis,
1861 5669 1988 5711 remores
2002 5667 2027 5711 te
2041 5659 2064 5711 in

1278 5746 1444 5808 crruienlnm;
1462 5746 1541 5799 times
1553 5753 1579 5798 et
1599 5743 1625 5798 in
1642 5742 1763 5798 cubiculo
1788 5743 1896 5801 aliunde
1916 5748 2062 5810 conscium,

1280 5840 1384 5897 secedis
1397 5839 1422 5892 in
1438 5849 1574 5898 certunm,
1592 5835 1627 5890 ιιι
1640 5834 1775 5890 meditaris
1791 5851 1796 5885 :
1815 5834 1950 5890 iitecorde
1964 5847 2010 5892 tuo
2025 5839 2064 5891 in·

1278 5933 1360 5988 terior
1369 5939 1421 5986 est.
1435 5929 1606 5998 ancrrmqne
1619 5941 1681 5996 ergo
1695 5925 1803 5996 legeris,
1823 5925 1858 5979 ibi
1872 5935 1923 5981 ost.
1937 5925 2064 5999 'l'eipsunr

1309 6071 1315 6102 ¹
1330 6067 1440 6130 uterique
1452 6073 1497 6115 uss
1509 6099 1516 6118 ,
1528 6075 1574 6112 non
1591 6061 1814 6112 omnmdrersorenr.

1307 6133 1317 6163 ι
1329 6138 1394 6190 tur..
1405 6140 1449 6176 ocu
1456 6125 1560 6190 predicet.
1571 6124 1652 6184 ιιιεει,
1663 6135 1718 6182 non,
1732 6125 1762 6172 alr
1774 6128 1810 6171 tr.
1824 6131 1873 6174 eta
1884 6130 1936 6175 the.
