5025 6925
436 685 497 738 sta

446 802 522 856 lirae.
538 816 585 860 stt.
596 798 661 866 llll
674 797 700 847 st
712 792 905 859 erpoClrristns
918 790 1102 844 restitmittere
1113 790 1139 842 in
1151 803 1230 841 martr-

445 896 509 947 rlmn
531 894 635 961 igtseus,
662 888 754 956 satique
777 884 920 938 natututter
934 892 1012 951 atque
1036 880 1155 937 attiliter:
1179 892 1231 931 uon

447 984 581 1055 quomado
599 980 730 1035 missams
743 988 784 1031 est
798 974 925 1030 mutsdnm
941 975 967 1028 in
986 973 1084 1043 bucria.
1098 970 1150 1024 Sed
1166 984 1232 1038 utro-

447 1073 661 1146 transponens
675 1068 815 1123 mttsrdaut?
827 1066 957 1135 Quoniam
972 1078 1037 1134 ergo
1056 1062 1129 1116 seuit
1145 1061 1233 1130 ipsein

447 1169 553 1222 minere
579 1165 605 1218 in
631 1160 771 1225 ruaudam,
794 1171 946 1230 maratana
961 1156 1016 1225 jusu
1036 1153 1098 1225 quid
1122 1153 1156 1206 sit
1179 1150 1234 1205 lle·

448 1256 596 1329 sopotamia
618 1270 677 1326 qaae
700 1266 827 1308 succensa
848 1259 906 1312 est,
922 1246 986 1318 quid
1002 1246 1037 1300 sit
1056 1244 1131 1316 Syria
1145 1242 1247 1299 Solral..

452 1350 684 1421 lutmpretationes
705 1360 769 1416 ergo
783 1344 919 1399 nominum
940 1341 1239 1407 interrogenmssccuu-

441 1448 512 1499 aluum
537 1444 670 1498 hebraeum
693 1439 847 1510 eloqninm,
869 1450 922 1506 quta
947 1433 1060 1504 primum
1082 1431 1139 1485 lane
1163 1430 1238 1483 Seri-

451 1548 526 1607 ptnra
551 1538 638 1590 locuta
665 1540 716 1587 est.
745 1526 962 1598 Mesopotamiam
990 1523 1083 1578 dicant
1106 1522 1238 1589 iuterpre-

452 1631 501 1683 tari
527 1628 661 1682 Eleratam
685 1622 861 1678 uocationem.
886 1617 943 1672 lant
963 1623 1034 1669 totuis
1057 1611 1170 1667 nuttrrdns
1190 1626 1241 1663 uo·

452 1721 556 1774 catione
576 1719 694 1773 elevatus
715 1723 766 1768 cst.
788 1711 867 1783 Syria
888 1709 1077 1777 interpretatur
1100 1701 1238 1758 subituris.

449 1812 504 1869 Seri
519 1812 563 1865 illa
581 1824 641 1879 quta
662 1815 719 1863 erat
732 1803 865 1870 sublimis,
880 1802 988 1856 incensa
1002 1807 1043 1854 cst
1051 1808 1077 1852 et
1088 1794 1241 1850 bismiliata:

452 1914 479 1957 et
493 1898 714 1972 spternadmnrlum
736 1895 872 1951 lrrtrniliata
890 1901 932 1947 est
949 1906 1008 1961 qam
1021 1889 1106 1943 lauerat
1117 1888 1241 1947 exaltata,

410 2019 412 2024 ·
453 1997 491 2048 sie
514 1993 646 2047 exaltetur
658 2004 717 2059 ntra
732 1989 816 2041 luerat
830 1980 1070 2039 imminuta-Sobel
1083 1981 1242 2047 interpreta-

1061 672 1096 727 ὃ,
1117 669 1296 727 Αῑῖῦῦὃῒιλι
1317 672 1465 729 ablactat

2025 684 2078 736 itii

1289 803 1340 842 non
1356 801 1463 860 propter
1470 809 1591 864 saporem
1602 796 1684 853 salis?
1695 800 1734 853 ltu
1744 798 1830 853 neseis
1839 797 1886 854 tibi
1896 813 1956 854 esse
1965 798 2078 863 allettrnr,

1293 880 1343 934 l'os
1360 886 1419 936 estis
1435 886 1475 939 sni
1497 896 1587 953 terre:
1607 898 1644 946 et.
1666 891 1697 945 Si
1714 893 1753 946 sal
1776 890 1927 960 islctuattnu
1942 893 2029 963 luent,
2045 907 2079 943 aa

1289 974 1396 1027 nibilum
1410 975 1500 1030 amobit
1513 978 1594 1046 uliud,
1608 981 1656 1034 nisi
1677 996 1705 1035 at
1717 989 1788 1051 paras
1800 983 1949 1052 projiciatur
1969 982 2079 1046 (liattlr.

1289 1077 1317 1129 ι,
1334 1064 1398 1136 lbi?
1422 1056 1526 1123 Bonttm'
1544 1079 1586 1124 cst
1604 1085 1668 1140 crgo
1690 1072 1825 1141 sapienter
1845 1073 1987 1127 humiliari.
2011 1073 2082 1128 Eece

1290 1165 1361 1211 ntsne
1375 1171 1463 1213 rmnne
1478 1158 1650 1216 humiliantur
1665 1163 1782 1218 lrmretiei
1793 1164 1805 1217 ‘l
1818 1163 1911 1220 Nonne
1926 1164 2000 1234 leges
2013 1179 2083 1219 eon·

1292 1252 1331 1300 tra
1345 1246 1405 1301 illos
1415 1248 1484 1303 datto
1498 1257 1559 1303 sunt
1572 1251 1651 1306 etiarn
1672 1252 1706 1307 ab
1721 1251 1882 1317 bomiuilsts,
1894 1265 1985 1309 costra
2013 1270 2084 1325 tpnus

1291 1335 1387 1391 diuinas
1398 1347 1517 1408 regnant,
1528 1355 1587 1410 qum
1596 1341 1810 1399 iilosanteetiam
1818 1344 2087 1401 aemonstraverauti

1293 1425 1362 1482 Ecce
1375 1426 1556 1499 humiliantur,
1568 1447 1631 1488 ecoe
1644 1432 1775 1504 fugantur,
1789 1451 1852 1491 ecee
1868 1440 2087 1507 persecutionem

1293 1517 1439 1587 patiuntur,
1453 1520 1500 1576 scd
1515 1520 1574 1577 siue
1586 1537 1701 1593 saporc3
1716 1540 1764 1596 pro
1775 1525 1903 1591 iutuitate,
1916 1543 1964 1597 pro
1978 1529 2086 1583 sanita·

1294 1618 1330 1665 te.
1341 1609 1399 1666 latu
1412 1614 1483 1668 esaim
1501 1612 1541 1669 sal
1557 1613 1712 1670 inlatnatunr
1727 1625 1768 1672 est
1783 1636 1789 1671 :
1807 1618 1866 1674 idea
1878 1621 2028 1691 projectam
2042 1633 2090 1677 est

1294 1700 1376 1769 sorus,
1391 1715 1419 1758 ut
1432 1707 1603 1762 conculcetur
1613 1707 1647 1763 ab
1669 1710 1832 1765 homiuibus.
1854 1712 2091 1769 butiisiusastitu-

1289 1794 1350 1849 lum
1368 1796 1462 1853 Psalmi
1475 1814 1482 1861 ;
1496 1798 1635 1856 attellamus
1644 1801 1725 1855 etiam
1739 1802 1819 1857 uerita
1833 1803 1940 1859 Psalmi.
2005 1832 2007 1835 ⁴

1331 1888 1358 1942 5.
1371 1885 1445 1960 [cerr.
1458 1886 1498 1962 5.]
1515 1889 1582 1944 licus
1603 1892 1718 1961 repulisti
1738 1908 1793 1957 nos,
1817 1903 1841 1947 et
1859 1894 2005 1949 destruxisti
2028 1910 2090 1950 stas.

1295 1976 1429 2049 Numquid
1444 1979 1488 2035 ille
1501 1979 1582 2036 Dauid
1592 1981 1718 2052 ioquitm,
1734 1983 1779 2053 qni
1795 1984 1935 2053 percussit,
1954 1985 2001 2055 quai
2022 1999 2091 2040 snc-

447 2094 497 2136 tor
510 2082 581 2136 Parta
591 2089 718 2135 uetustas.
732 2073 956 2133 Gratiasillsristo
970 2072 1014 2143 qtti
1028 2086 1086 2125 eam
1096 2068 1241 2123 strecetnlit.
1288 2069 1396 2134 cesidit,
1411 2069 1456 2141 spui
1471 2070 1629 2138 debellauit;
1643 2082 1670 2127 et
1682 2090 1735 2129 ltttll
1746 2073 1782 2129 illi
1797 2074 1892 2145 quilurs
1906 2077 1961 2131 lane
1972 2074 2046 2142 lecit,
2062 2088 2093 2131 ut

452 2172 563 2240 Quiantln
582 2180 670 2225 uetera
688 2167 798 2238 uirgulta
813 2165 1026 2226 succenduntur,
1040 2164 1123 2216 vireta
1150 2174 1244 2240 aalma

393 2310 397 2318 .
453 2268 516 2320 slsum
527 2280 535 2329 ;
547 2274 575 2318 ct
585 2263 700 2317 alacrius
713 2271 740 2314 ct
755 2260 863 2315 tiberius
883 2265 911 2313 et
923 2256 1034 2311 viridius
1048 2269 1115 2308 nora
1129 2266 1245 2307 nascan-

453 2370 507 2423 tur,
520 2371 580 2412 etnn
601 2355 715 2426 eaignis
728 2354 754 2408 iu
766 2360 930 2406 vetrsstorum
944 2348 1119 2404 succensione
1131 2360 1244 2415 praeees-

444 2450 528 2505 :ses-it.
562 2447 619 2502 Nou
654 2459 720 2516 erpo
742 2446 867 2500 timeatur
894 2442 962 2512 ignis
990 2439 1108 2501 Citristi;
1138 2437 1244 2502 lentim,

440 2539 594 2593 eonsumit.
609 2536 702 2592 Omnis
723 2536 794 2590 enim
816 2531 993 2595 carolenum,
1008 2528 1246 2586 etomuisclaritas

454 2629 569 2685 lurntiuis
581 2631 649 2684 sicut
671 2625 786 2682 bosleni
802 2624 878 2697 (lsai.
902 2639 948 2690 xa,
962 2624 1003 2692 6).
1022 2621 1164 2679 Srueeodit
1182 2636 1246 2691 ergo

454 2724 503 2776 iata
519 2721 563 2775 illo
587 2720 658 2790 igne.
672 2717 706 2771 ta
719 2719 839 2771 conantis
862 2714 939 2770 ioci.
959 2714 1027 2770 loab
1042 2714 1247 2782 tinterpretatar

444 2813 589 2868 zlrrirnieas.
604 2811 755 2866 conuersas
775 2816 817 2863 est
831 2806 971 2861 iuimicus:
986 2804 1056 2876 qnod
1067 2804 1108 2859 ais
1118 2802 1245 2873 maeltige.

435 2906 481 2958 ’.ιι
493 2917 638 2958 corut-ersus
650 2902 676 2956 in
690 2898 923 2968 lupamdiabolas
933 2908 990 2963 est;
1011 2896 1033 2951 si
1051 2899 1197 2952 corruerim
1213 2893 1248 2950 ad

454 2997 545 3062 tidem,
560 2992 720 3051 eluistianas
736 2996 789 3047 eo.
804 2988 944 3058 Quornodo
957 2989 982 3043 in
995 2987 1103 3059 lugam?
1118 2988 1155 3042 be
1166 2985 1248 3041 eorde

410 3069 418 3119 ‘.
454 3088 593 3144 elusistiani
610 3104 619 3141 a
640 3085 762 3156 Princeps
777 3084 854 3154 taujats
864 3080 963 3147 muudi,
976 3077 1248 3152 inquinamentum

443 3189 490 3232 est
503 3176 673 3251 forasticas.
689 3191 736 3240 su,
748 3174 805 3246 bl).
817 3172 969 3229 Conuems
989 3178 1077 3225 annm
1102 3168 1136 3223 ad
1157 3168 1248 3222 Domi·

455 3286 520 3323 rursm
541 3268 713 3331 christianus,
740 3279 823 3334 artare
842 3264 968 3324 inintieas
988 3259 1155 3317 conuersus?
1180 3258 1247 3327 Quia

446 3361 545 3415 :llrltiis
567 3358 661 3423 iaetus,
685 3357 729 3427 qul
744 3356 830 3411 isserat
846 3354 979 3411 inimicas.
996 3350 1123 3407 Percussit
1149 3349 1245 3404 Edant.

457 3450 646 3521 interpretatur
656 3448 740 3504 Edam
751 3446 896 3502 Terrenus.
912 3443 1008 3500 Debuit
1018 3442 1119 3514 percuti
1128 3449 1249 3497 terrenas

448 3545 516 3599 istc.
531 3541 628 3612 thaid
641 3543 714 3597 euim
727 3540 829 3595 uiseret
842 3546 974 3603 terrenus,
988 3536 1033 3606 qai
1044 3534 1161 3591 caelestis
1171 3533 1250 3588 debet

449 3630 714 3691 -uireroiluterlecta
723 3626 899 3700 saterpotita
910 3624 1249 3692 terrena3uisateoelestis.

392 3722 394 3725 ’
451 3727 617 3785 sicutenim
630 3724 794 3796 portavimus
816 3721 959 3792 imaginem
981 3718 1091 3784 terreni,
1113 3724 1250 3788 posumus

454 3829 486 3878 et
498 3820 639 3891 imaginem
647 3811 706 3889 ejas
719 3817 764 3886 qut
774 3815 808 3870 do
821 3815 892 3870 eoelo
905 3821 948 3868 est
957 3810 978 3884 (l
988 3810 1049 3868 Cor.
1061 3826 1106 3878 ss,
1119 3807 1251 3880 liliide

458 3913 533 3966 illam
559 3906 672 3965 iaterilci
684 3904 866 3976 ⁴:Mortificate
879 3901 991 3957 messim
1014 3909 1097 3956 uestra
1114 3914 1171 3971 quoe
1192 3907 1251 3955 sunt

453 4019 535 4074 supa
548 4010 642 4056 tenum
654 3995 764 4070 (dobes
773 4012 813 4061 ut,
824 3994 866 4065 ιι).
881 3994 947 4049 Cum
964 4003 1054 4048 autem
1076 3991 1252 4062 percussisset

460 4097 553 4161 bidens,
571 4090 703 4163 percussit
714 4087 849 4144 duodecim
862 4083 946 4140 milio
962 4085 990 4138 in
1005 4083 1071 4138 soils
1092 4082 1251 4138 Salinarum.

462 4188 605 4243 lirrodecim
618 4183 699 4240 millia
714 4181 848 4253 perlectus
862 4186 906 4235 est
919 4191 1056 4243 nanterus,
1075 4177 1119 4231 cui
1136 4173 1252 4245 perlecto

455 4292 573 4333 vnrrntero
598 4276 679 4331 etiam
707 4269 890 4327 Pandatariae
911 4266 1101 4338 Apostolorum
1127 4278 1253 4320 numeras

461 4371 605 4438 rtuptttatar
618 4384 626 4419 ι
639 4378 692 4420 nun
714 4362 788 4420 enisa
807 4363 904 4416 irastra
920 4401 928 4427 ,
952 4359 1004 4415 nisi
1028 4359 1091 4430 qaia
1106 4365 1253 4428 pestutum

457 4461 589 4520 -anrndnm
602 4455 760 4513 mittendam
770 4463 830 4511 erat
840 4453 961 4508 uerbum.
973 4451 1089 4507 Verbum
1103 4461 1191 4506 aanor
1206 4450 1254 4505 net

462 4554 531 4626 aaron
553 4560 596 4607 est
620 4545 758 4611 Claristas,
781 4545 807 4600 in
830 4543 959 4608 nubibas,
979 4540 1032 4597 boe
1049 4551 1091 4596 est
1111 4540 1137 4594 in
1155 4539 1253 4610 pradi-

462 4641 598 4700 catnrrlsus
616 4638 747 4696 veritatis.
761 4634 874 4691 bundas
897 4640 986 4689 auteur
1005 4642 1119 4703 quatuor
1136 4629 1255 4702 partibas

427 4723 430 4727 ’
461 4722 1255 4800 corssmt.0aataorejaspartesnotissimaesutttomuibus‚et

462 4811 1254 4898 sapeinScriptarlsmemoratas:quaetiampuataarscuti

465 4922 542 4976 clieta
556 4925 619 4974 satit
629 4913 736 4988 (liureio
751 4924 856 4974 anau,
870 4905 911 4978 tt),
924 4905 1024 4970 oriens,
1036 4904 1170 4968 occidens,
1180 4903 1256 4973 antri·

356 5046 365 5064 .
465 5015 524 5067 loet
535 5007 669 5064 tureridies.
681 5003 720 5058 Ad
731 5015 826 5057 orrsnes
838 4999 903 5053 istas
916 5005 1030 5067 quattuor
1043 5003 1133 5065 partes
1145 4995 1255 5050 missum

465 5112 507 5156 est
521 5101 641 5164 rabam,
654 5106 684 5151 at
696 5094 723 5150 in
739 5091 869 5147 Trinitate
892 5101 987 5143 austres
1001 5094 1170 5141 tamreatar.
1186 5085 1256 5144 Duo

464 5193 604 5249 nestoriam
618 5201 759 5245 numeram
773 5194 814 5240 ter
825 5180 951 5253 quaterni
965 5180 1075 5234 iaciant.
1087 5178 1181 5233 llerito
1192 5194 1256 5249 ergo

465 5285 604 5342 artmlceim
614 5281 694 5338 millia
709 5290 815 5335 terrena
825 5288 951 5347 pereussa
963 5279 1040 5337 sunt;
1055 5279 1126 5326 totas
1142 5268 1257 5326 mandas

467 5390 608 5450 percussus
614 5372 710 5429 est:de
722 5371 856 5426 tamenim
871 5367 971 5423 manda
978 5365 1061 5422 electa
1071 5374 1113 5420 cst
1125 5364 1253 5428 Ecclesia,

467 5469 624 5525 snortilicata
638 5479 654 5516 a
668 5473 772 5518 terrena
783 5462 846 5516 rita.
862 5460 960 5527 Quare,
972 5458 1000 5512 io
1016 5457 1083 5512 salic
1095 5455 1258 5536 Sulistsrust’

394 5614 396 5618 ,
453 5562 552 5617 Psilis
571 5556 707 5613 banrilitas
729 5564 771 5608 est
793 5572 800 5608 ι
821 5552 914 5606 salinae
943 5563 1066 5620 saporem
1095 5545 1256 5618 significant.

470 5653 541 5710 stuta
556 5649 626 5706 enias
642 5644 829 5707 isauriliantnr,
849 5639 898 5696 sed
912 5655 979 5695 vaste
999 5638 1128 5696 elisiae:
1144 5638 1171 5692 in
1190 5652 1257 5691 uana

469 5752 600 5801 uetustate
611 5735 793 5792 bauuliantar.
805 5733 907 5787 Patitur
919 5733 980 5800 atris
997 5730 1194 5786 tribulationem
1210 5707 1258 5800 pr'o

470 5837 593 5911 pecutna,
606 5832 705 5903 patitur
719 5826 917 5882 trilsalationem
931 5837 980 5893 pro
993 5821 1095 5877 bonore
1108 5823 1257 5892 temporali,

451 5960 454 5966 ι
471 5936 570 6001 patitur
584 5922 780 5980 tribulationem
794 5932 843 5987 pra
855 5913 1003 5970 commodis
1014 5915 1075 5969 vita
1088 5914 1183 5983 ltttjns;
1198 5931 1259 5985 pas.

472 6016 549 6077 sistris
562 6019 611 6074 est
623 6013 830 6072 tribulationem,
850 6016 878 6063 et
892 6004 1087 6062 itautiiiantins:
1100 6021 1182 6076 qutare
1207 6025 1260 6066 nott

371 6149 373 6153 ,
398 6141 401 6147 .
464 6120 582 6183 propter
601 6107 686 6191 benur
698 6103 710 6161 l
722 6115 804 6176 omre
817 6114 870 6158 aon
885 6106 995 6170 propter
1005 6095 1160 6156 christani
1177 6112 1261 6170 quae

1297 2169 1498 2230 percuterentur
1509 2171 1537 2216 ct
1549 2162 1739 2232 repellerentur
1753 2166 1797 2235 quui
1812 2167 1872 2221 mali
1887 2178 1973 2229 eraut.
1988 2178 2012 2221 et
2027 2184 2093 2221 rnr-

1297 2269 1344 2308 sus
1356 2254 1550 2310 vivificarentur
1564 2265 1592 2311 et
1608 2256 1725 2311 retliseut
1746 2258 1850 2313 utboni
1875 2260 1984 2315 esseest?
2006 2260 2090 2315 istum

1297 2346 1404 2415 paridem
1416 2357 1530 2412 strsacm
1546 2345 1608 2402 lecit
1621 2348 1701 2402 liaritl
1717 2348 1761 2404 ille
1774 2365 1852 2405 manu
1869 2350 1944 2406 istriis
1964 2351 2093 2407 Cirristus

1299 2447 1401 2504 noster,
1416 2439 1616 2510 cujusligaratn
1630 2443 1741 2511 gerebat
1762 2443 1805 2499 ille
1818 2444 1916 2511 ltomo;
1941 2444 2005 2501 neta
2025 2448 2090 2512 ista,

1298 2531 1373 2586 dedit
1397 2531 1465 2587 harre
1483 2543 1597 2604 stragem
1622 2535 1711 2604 gladio
1732 2552 1781 2592 suo
1800 2548 1826 2593 ct
1850 2539 1911 2610 igne
1936 2554 2092 2597 straturam

1299 2632 1440 2694 atramque
1454 2625 1542 2680 attulit
1564 2625 1590 2680 in
1612 2623 1682 2681 ltuue
1705 2626 1842 2684 rnttntium.
1863 2627 1906 2696 m,
1931 2627 2021 2701 ipsene
2036 2634 2095 2687 reni

1299 2715 1397 2768 mittere
1410 2715 1436 2768 in
1447 2715 1567 2770 orandum
1583 2716 1657 2786 (Luc.
1672 2733 1720 2782 stt,
1734 2719 1792 2791 ib),
1804 2720 1885 2775 babes
1897 2722 1923 2775 iu
1934 2722 2094 2792 Esastgelim

1297 2816 1335 2871 et,
1346 2804 1464 2860 Gladium
1470 2808 1525 2861 ueni
1531 2807 1627 2862 mittere
1633 2808 1659 2862 in
1668 2818 1758 2863 losum
1767 2808 1964 2881 (diatonum),
1975 2812 2060 2867 babes
2068 2814 2094 2868 iu
2137 2823 2140 2833 ’

1296 2894 2096 2971 'Evangelioattulitiguenrassdesuccenderetnrblesnpota-

1299 2987 2097 3062 tuiaSpriae,etSyriaSabahattalitgladiumunrlepcrcate·

1297 3080 1476 3136 ,tetttrEdom
1485 3079 1542 3138 iam
1555 3097 1618 3151 ergo
1629 3083 1678 3136 ista
1689 3092 1791 3153 strages
1801 3082 1868 3137 treta
1876 3092 1917 3139 est
1927 3091 2095 3155 proptereos

1300 3172 1345 3242 qai
1360 3170 1533 3227 immutantur
1557 3172 1668 3227 intituli
1692 3172 1892 3242 inscriptionem
1910 3173 1962 3245 ipsi
1994 3175 2091 3230 Dauid.

1300 3265 1448 3322 Audiamus
1466 3281 1530 3336 ergo
1550 3280 1642 3322 corum
1664 3281 1756 3322 uocem
1780 3284 1787 3319 ε
1808 3266 1951 3323 salutariter
1971 3268 2096 3337 percussi

1300 3365 1373 3422 sant,
1386 3356 1467 3412 erecti
1484 3356 1635 3425 innitantur.
1653 3356 1747 3412 Dicant
1759 3371 1824 3426 eruo
1838 3357 1929 3411 tuatati
1948 3356 1975 3411 in
1985 3357 2096 3426 melius,

1301 3449 1395 3504 mutati
1409 3448 1436 3504 iu
1450 3447 1517 3503 tituli
1533 3447 1745 3519 inscriptionem,
1760 3448 1890 3504 immutati
1903 3448 1929 3504 in
1941 3447 2097 3505 doctrinam

1301 3538 1354 3611 ipsi
1366 3539 1447 3594 Dauid
1459 3555 1468 3605 ς
1482 3539 1572 3594 dicarit
1584 3558 1590 3594 :
1603 3540 1671 3594 Deus
1694 3541 1808 3611 repulisti
1827 3557 1883 3605 aas,
1910 3551 1934 3595 ct
1947 3542 2098 3597 destruxisti

1299 3649 1348 3703 aas
1362 3648 1372 3687 r
1384 3633 1464 3686 iratus
1478 3649 1514 3700 cs,
1529 3645 1553 3687 ct
1572 3633 1689 3687 ιιιιιειιιιι
1710 3650 1735 3688 es
1749 3633 1836 3688 stostri.
1849 3633 2009 3689 bestnrxlsti
2033 3650 2097 3701 ιιος,

1302 3732 1334 3780 ιιι
1350 3722 1497 3779 edificares
1513 3739 1562 3779 aas
1574 3740 1582 3789 ;
1595 3723 1750 3780 destruxisti
1772 3739 1822 3781 nas
1843 3725 1911 3780 male
1936 3722 2097 3793 adibertus,

1302 3813 1457 3871 destruxisti
1470 3829 1565 3869 vastam
1577 3826 1747 3875 uetustatem.
1762 3826 1791 3869 ut
1803 3815 1991 3888 sit‘adiiteatio
2003 3817 2031 3871 in
2047 3833 2098 3873 no·

1302 3922 1364 3962 saun
1378 3906 1525 3973 lramincnt,
1539 3905 1681 3961 aedificatio
1697 3922 1822 3962 mansure
1835 3891 2016 3965 insomnium.
2041 3908 2099 3964 bie·

1303 3999 1439 4055 sitoiratus
1448 4015 1485 4064 es,
1495 4008 1518 4053 ct
1526 4000 1641 4052 misertus
1653 4014 1679 4054 cs
1690 4000 1778 4053 nostri
1789 3998 1846 4054 Non
1855 3999 2034 4066 miserercn's,
2049 4001 2099 4056 uisi

1304 4089 1468 4147 irascereris.
1484 4091 1642 4146 Destruxisti
1655 4105 1704 4146 nos
1714 4092 1740 4147 in
1754 4091 1791 4146 ira
1804 4100 1847 4146 tua
1857 4108 1866 4158 3
1877 4091 1924 4146 sed
1939 4093 1977 4146 ira
1998 4101 2047 4146 tna
2073 4094 2099 4148 iu

1304 4193 1464 4239 uetustatem
1483 4192 1602 4239 nostram
1628 4182 1694 4250 luit,
1715 4193 1744 4239 ut
1762 4183 1945 4239 destrueretur
1966 4195 2098 4240 vetustas.

1303 4272 1358 4330 Sed
1372 4274 1496 4330 misertus
1508 4288 1537 4328 es
1548 4272 1632 4329 nostri
1643 4284 1751 4345 proptor
1761 4274 1915 4339 suauitatem,
1928 4283 2042 4345 proptu
2053 4291 2100 4331 eos

1305 4366 1350 4436 quii
1363 4366 1535 4421 institutautur
1545 4367 1572 4420 in
1588 4365 1655 4425 tituli
1665 4366 1882 4436 inscriptionem:
1899 4368 1962 4437 qnia
1976 4377 2005 4422 et
2017 4369 2042 4423 si
2055 4385 2100 4424 es-

1306 4458 1389 4513 terior
1402 4457 1483 4513 lromo
1495 4465 1586 4513 noster
1599 4458 1788 4527 corrumpitur,
1800 4457 1846 4513 sed
1860 4457 1973 4516 interior
1984 4475 2100 4516 retrota-

1308 4557 1350 4604 tar
1362 4549 1395 4605 de
1407 4549 1450 4604 die
1464 4551 1489 4606 iu
1504 4549 1574 4604 diem
1586 4547 1686 4621 tllCor.
1703 4563 1739 4614 tu,
1754 4548 1811 4620 tot.

1342 4641 1369 4696 i.
1385 4639 1461 4713 [uere.
1474 4638 1513 4713 b]
1526 4639 1686 4695 Consuroaisti
1699 4650 1808 4705 terrum,
1821 4649 1845 4696 ct
1858 4643 2017 4699 couturbasti
2035 4662 2099 4700 earu

1306 4732 1445 4803 Quomodo
1458 4731 1613 4787 conturbata
1628 4741 1668 4788 est
1682 4732 1771 4788 terrai
1790 4731 1959 4789 Crtsrscientia
1978 4746 2100 4805 peccatu·

1295 4842 1378 4883 ¹rutn.
1391 4824 1448 4892 Quo
1461 4823 1548 4879 ianas?
1563 4838 1615 4894 prta
1626 4821 1753 4894 iugiatus,
1767 4823 1873 4894 quarrdo
1888 4825 1931 4881 ille
1946 4826 2053 4897 gladius
2066 4831 2101 4882 si-

1308 4916 1399 4972 bratns
1419 4924 1461 4970 est
1481 4933 1488 4969 z
1508 4914 1581 4986 Apitc
1601 4914 1788 4984 penitentiam
1807 4916 2020 4988 appropinquarit
2036 4920 2099 4973 emta

1295 5023 1414 5081 ‘repastus
1423 5006 1542 5060 calorum
1560 5003 1663 5074 (Malta.
1675 5020 1715 5073 ut,
1725 5004 1753 5077 9)
1763 5006 1775 5059 i
1786 5003 1948 5062 Commoristi
1960 5020 2065 5073 tenant,
2079 5021 2099 5064 ct

1308 5096 1462 5152 eottturbasti
1476 5113 1542 5150 cans·
1556 5095 1627 5152 Sana
1640 5096 1799 5151 contritiones
1812 5097 1883 5168 ejus,
1899 5099 2022 5170 quoniam
2036 5112 2099 5154 oratu

1309 5197 1356 5243 cst.
1377 5185 1436 5242 Noa
1455 5185 1533 5256 digna
1553 5193 1595 5241 est
1611 5184 1716 5251 sanari,
1730 5185 1751 5240 si
1767 5195 1839 5241 mota
1853 5202 1906 5241 nou
1920 5198 1963 5243 est
1977 5207 1983 5243 :
1998 5191 2047 5245 sed
2062 5192 2098 5244 ln·

1294 5281 1408 5349 ,niteris
1423 5279 1561 5350 praeiens,
1575 5278 1686 5332 minaris
1696 5277 1806 5343 debeo,
1819 5289 1960 5336 centanam
1971 5272 2100 5352 ‘judicium

1310 5385 1365 5427 non
1379 5380 1466 5432 taces,
1480 5379 1639 5440 praeceptum
1654 5371 1699 5425 bei
1714 5386 1825 5439 mones,
1844 5372 1878 5427 ab
1898 5371 1941 5428 bis
1955 5375 2038 5431 rebus
2051 5393 2100 5432 uon

1310 5461 1442 5534 quiescis;
1456 5470 1482 5516 ct
1494 5460 1538 5530 uni
1552 5460 1642 5527 aridit,
1657 5461 1679 5516 si
1693 5476 1745 5515 nou
1759 5461 1850 5528 duret,
1865 5461 1888 5518 si
1902 5479 1957 5520 aou
1972 5478 2100 5534 mouetur,

1311 5569 1366 5609 nan
1379 5563 1420 5609 est
1432 5552 1526 5624 digitus
1538 5554 1636 5607 sartari.
1649 5553 1730 5608 Audit
1741 5554 1826 5622 alius;
1840 5565 1972 5624 ororetur,
1984 5536 2101 5629 stilonis·

1292 5706 1297 5714 ,
1312 5651 1365 5710 tur,
1380 5655 1470 5715 peetus
1485 5642 1581 5708 tundit,
1596 5643 1727 5714 lacrymas
1740 5643 1842 5700 iaodit:
1856 5645 1929 5702 sara
1943 5651 2102 5705 contritiones

1295 5809 1298 5817 Ι
1310 5735 1378 5806 cius,
1390 5733 1510 5806 quonium
1519 5742 1587 5787 asota
1601 5741 1647 5786 est.

1348 5826 1375 5879 5.
1388 5820 1464 5898 [aurs
1475 5821 1514 5896 5.]
1528 5820 1592 5879 Post
1607 5824 1680 5891 ltaec,
1695 5838 1819 5895 percusso
1833 5834 1958 5897 terreno,
1977 5840 2103 5889 succesus

1312 5929 1454 5983 venustate,
1466 5908 1566 5971 mutato
1580 5915 1688 5971 bomine
1701 5917 1844 5988 insuetius,
1858 5916 1927 5977 lacta
1940 5921 2001 5978 lace
2012 5912 2054 5980 cis
2063 5923 2104 5993 urii

1314 6012 1430 6067 tenebra
1451 6010 1571 6072 iuemnt,
1593 6009 1711 6079 sequitur
1730 6009 1799 6082 quod
1819 6010 1883 6069 alibi
1901 6013 2103 6087 mamert:

1315 6096 1379 6170 rus
1393 6098 1512 6159 medens
1525 6101 1557 6156 ad
1570 6100 1711 6157 seruitutem
1726 6100 1783 6172 aa,
1797 6111 1837 6160 ιιι
1849 6092 2024 6197 isfflu
2032 6108 2105 6171 stus·

1911 6244 2089 6375 ,t'i'
