<?xml version="1.0" encoding="UTF-8"?>
<!DOCTYPE html PUBLIC "-//W3C//DTD XHTML 1.0 Transitional//EN"
    "http://www.w3.org/TR/xhtml1/DTD/xhtml1-transitional.dtd">
<html xmlns="http://www.w3.org/1999/xhtml" xml:lang="en" lang="en">
 <head>
  <title>
</title>
<meta http-equiv="Content-Type" content="text/html;charset=utf-8" />
  <meta name='ocr-system' content='tesseract 3.04.00' />
  <meta name='ocr-capabilities' content='ocr_page ocr_carea ocr_par ocr_line ocrx_word'/>
</head>
<body>
  <div class='ocr_page' id='page_1' title='image "./patrologiaecurs71unkngoog/patrologiaecurs71unkngoog_0228.png"; bbox 0 0 5025 6925; ppageno 0'>
   <div class='ocr_carea' id='block_1_1' title="bbox 399 705 450 759">
    <p class='ocr_par' dir='ltr' id='par_1_1' title="bbox 399 705 450 759">
     <span class='ocr_line' id='line_1_1' title="bbox 399 705 450 759; baseline 0 0"><span class='ocrx_word' id='word_1_1' title='bbox 399 705 450 759; x_wconf 78' lang='lat' dir='ltr'>tes</span> 
     </span>
    </p>
   </div>
   <div class='ocr_carea' id='block_1_2' title="bbox 398 762 1188 886">
    <p class='ocr_par' dir='ltr' id='par_1_2' title="bbox 398 762 1188 886">
     <span class='ocr_line' id='line_1_2' title="bbox 540 762 554 788; baseline 0 0"><span class='ocrx_word' id='word_1_2' title='bbox 540 762 554 788; x_wconf 89' lang='grc' dir='ltr'><strong><em>Ι</em></strong></span> 
     </span>
     <span class='ocr_line' id='line_1_3' title="bbox 398 805 1188 886; baseline -0.015 -14"><span class='ocrx_word' id='word_1_3' title='bbox 398 818 433 873; x_wconf 78' lang='lat' dir='ltr'>nt</span> <span class='ocrx_word' id='word_1_4' title='bbox 446 833 511 870; x_wconf 80' lang='lat' dir='ltr'>ncnc</span> <span class='ocrx_word' id='word_1_5' title='bbox 519 830 575 886; x_wconf 67' lang='lat' dir='ltr'>quot</span> <span class='ocrx_word' id='word_1_6' title='bbox 584 825 620 869; x_wconf 84' lang='lat' dir='ltr'>est</span> <span class='ocrx_word' id='word_1_7' title='bbox 630 812 782 883; x_wconf 73' lang='lat' dir='ltr'>exspectatio</span> <span class='ocrx_word' id='word_1_8' title='bbox 793 810 865 864; x_wconf 79' lang='lat' dir='ltr'>ineo?</span> <span class='ocrx_word' id='word_1_9' title='bbox 879 825 961 862; x_wconf 85' lang='lat' dir='ltr'>noune</span> <span class='ocrx_word' id='word_1_10' title='bbox 973 807 1117 861; x_wconf 80' lang='lat' dir='ltr'>Dominus?</span> <span class='ocrx_word' id='word_1_11' title='bbox 1131 805 1188 875; x_wconf 86' lang='lat' dir='ltr'>lpse</span> 
     </span>
    </p>
   </div>
   <div class='ocr_carea' id='block_1_3' title="bbox 397 899 1191 2527">
    <p class='ocr_par' dir='ltr' id='par_1_3' title="bbox 397 899 1191 2527">
     <span class='ocr_line' id='line_1_4' title="bbox 398 899 1190 979; baseline -0.02 -14"><span class='ocrx_word' id='word_1_12' title='bbox 398 922 440 965; x_wconf 84' lang='lat' dir='ltr'>est</span> <span class='ocrx_word' id='word_1_13' title='bbox 454 905 616 979; x_wconf 68' lang='lat' dir='ltr'>exspectatio</span> <span class='ocrx_word' id='word_1_14' title='bbox 632 920 700 969; x_wconf 86' lang='lat' dir='ltr'>rvrea,</span> <span class='ocrx_word' id='word_1_15' title='bbox 715 903 758 974; x_wconf 73' lang='lat' dir='ltr'>qui</span> <span class='ocrx_word' id='word_1_16' title='bbox 772 899 845 957; x_wconf 89' lang='lat' dir='ltr'>dedit</span> <span class='ocrx_word' id='word_1_17' title='bbox 866 902 954 955; x_wconf 86' lang='lat' dir='ltr'>ovrvnia</span> <span class='ocrx_word' id='word_1_18' title='bbox 970 900 1018 953; x_wconf 87' lang='lat' dir='ltr'>ista</span> <span class='ocrx_word' id='word_1_19' title='bbox 1040 914 1099 968; x_wconf 74' lang='lat' dir='ltr'>quae</span> <span class='ocrx_word' id='word_1_20' title='bbox 1124 911 1190 951; x_wconf 89' lang='lat' dir='ltr'>corr·</span> 
     </span>
     <span class='ocr_line' id='line_1_5' title="bbox 399 990 1188 1069; baseline -0.019 -13"><span class='ocrx_word' id='word_1_21' title='bbox 399 1012 517 1057; x_wconf 83' lang='lat' dir='ltr'>ternnam</span> <span class='ocrx_word' id='word_1_22' title='bbox 533 1019 539 1053; x_wconf 91' lang='lat'>:</span> <span class='ocrx_word' id='word_1_23' title='bbox 553 1001 608 1069; x_wconf 90' lang='lat' dir='ltr'>ipse</span> <span class='ocrx_word' id='word_1_24' title='bbox 622 998 686 1052; x_wconf 89' lang='lat' dir='ltr'>milri</span> <span class='ocrx_word' id='word_1_25' title='bbox 701 996 808 1050; x_wconf 79' lang='lat' dir='ltr'>dubitet</span> <span class='ocrx_word' id='word_1_26' title='bbox 819 1010 859 1059; x_wconf 89' lang='lat' dir='ltr'>se,</span> <span class='ocrx_word' id='word_1_27' title='bbox 875 993 919 1063; x_wconf 93' lang='lat' dir='ltr'>qui</span> <span class='ocrx_word' id='word_1_28' title='bbox 932 1001 973 1047; x_wconf 85' lang='lat' dir='ltr'>est</span> <span class='ocrx_word' id='word_1_29' title='bbox 988 1006 1067 1061; x_wconf 87' lang='lat' dir='ltr'>super</span> <span class='ocrx_word' id='word_1_30' title='bbox 1089 990 1188 1050; x_wconf 82' lang='lat' dir='ltr'>ornnia,</span> 
     </span>
     <span class='ocr_line' id='line_1_6' title="bbox 397 1083 1189 1165; baseline -0.023 -14"><span class='ocrx_word' id='word_1_31' title='bbox 397 1103 426 1151; x_wconf 85' lang='lat' dir='ltr'>et</span> <span class='ocrx_word' id='word_1_32' title='bbox 437 1110 483 1165; x_wconf 88' lang='lat' dir='ltr'>per</span> <span class='ocrx_word' id='word_1_33' title='bbox 496 1108 574 1164; x_wconf 89' lang='lat' dir='ltr'>quem</span> <span class='ocrx_word' id='word_1_34' title='bbox 595 1091 661 1146; x_wconf 88' lang='lat' dir='ltr'>lacta</span> <span class='ocrx_word' id='word_1_35' title='bbox 676 1098 737 1143; x_wconf 90' lang='lat' dir='ltr'>sunt</span> <span class='ocrx_word' id='word_1_36' title='bbox 759 1088 847 1143; x_wconf 85' lang='lat' dir='ltr'>omma</span> <span class='ocrx_word' id='word_1_37' title='bbox 858 1128 866 1153; x_wconf 95' lang='lat'>,</span> <span class='ocrx_word' id='word_1_38' title='bbox 878 1095 905 1140; x_wconf 92' lang='grc' dir='ltr'>ει</span> <span class='ocrx_word' id='word_1_39' title='bbox 919 1100 934 1138; x_wconf 90' lang='lat' dir='ltr'>a</span> <span class='ocrx_word' id='word_1_40' title='bbox 948 1100 1001 1154; x_wconf 88' lang='lat' dir='ltr'>qun</span> <span class='ocrx_word' id='word_1_41' title='bbox 1022 1083 1106 1137; x_wconf 87' lang='lat' dir='ltr'>laetus</span> <span class='ocrx_word' id='word_1_42' title='bbox 1130 1097 1189 1134; x_wconf 86' lang='lat' dir='ltr'>sum</span> 
     </span>
     <span class='ocr_line' id='line_1_7' title="bbox 397 1171 1189 1252; baseline -0.021 -12"><span class='ocrx_word' id='word_1_43' title='bbox 397 1188 469 1240; x_wconf 88' lang='lat' dir='ltr'>inter</span> <span class='ocrx_word' id='word_1_44' title='bbox 486 1183 586 1245; x_wconf 87' lang='lat' dir='ltr'>omma,</span> <span class='ocrx_word' id='word_1_45' title='bbox 603 1183 659 1252; x_wconf 85' lang='lat' dir='ltr'>ipse</span> <span class='ocrx_word' id='word_1_46' title='bbox 672 1191 713 1235; x_wconf 91' lang='lat' dir='ltr'>est</span> <span class='ocrx_word' id='word_1_47' title='bbox 726 1178 892 1249; x_wconf 81' lang='lat' dir='ltr'>exspectatio</span> <span class='ocrx_word' id='word_1_48' title='bbox 916 1192 974 1230; x_wconf 86' lang='lat' dir='ltr'>tnea</span> <span class='ocrx_word' id='word_1_49' title='bbox 991 1176 1131 1229; x_wconf 77' lang='lat' dir='ltr'>bantinus·</span> <span class='ocrx_word' id='word_1_50' title='bbox 1144 1171 1189 1224; x_wconf 79' lang='lat' dir='ltr'>i&#39;i-</span> 
     </span>
     <span class='ocr_line' id='line_1_8' title="bbox 398 1256 1188 1339; baseline -0.027 -6"><span class='ocrx_word' id='word_1_51' title='bbox 398 1277 466 1333; x_wconf 81' lang='lat' dir='ltr'>detis</span> <span class='ocrx_word' id='word_1_52' title='bbox 492 1275 616 1339; x_wconf 89' lang='lat' dir='ltr'>idithun,</span> <span class='ocrx_word' id='word_1_53' title='bbox 635 1272 729 1327; x_wconf 73' lang='lat' dir='ltr'>lettres</span> <span class='ocrx_word' id='word_1_54' title='bbox 743 1314 750 1337; x_wconf 95' lang='lat'>,</span> <span class='ocrx_word' id='word_1_55' title='bbox 765 1256 862 1324; x_wconf 88' lang='lat' dir='ltr'>videtis</span> <span class='ocrx_word' id='word_1_56' title='bbox 890 1266 1022 1337; x_wconf 91' lang='lat' dir='ltr'>quomodo</span> <span class='ocrx_word' id='word_1_57' title='bbox 1043 1270 1188 1333; x_wconf 79' lang='lat' dir='ltr'>exspectet.</span> 
     </span>
     <span class='ocr_line' id='line_1_9' title="bbox 398 1352 1191 1437; baseline -0.021 -14"><span class='ocrx_word' id='word_1_58' title='bbox 398 1353 487 1423; x_wconf 31' lang='lat' dir='ltr'>Novaro*</span> <span class='ocrx_word' id='word_1_59' title='bbox 503 1381 568 1437; x_wconf 81' lang='lat' dir='ltr'>ergo</span> <span class='ocrx_word' id='word_1_60' title='bbox 591 1380 620 1419; x_wconf 90' lang='lat' dir='ltr'>se</span> <span class='ocrx_word' id='word_1_61' title='bbox 639 1363 709 1417; x_wconf 87' lang='lat' dir='ltr'>dicat</span> <span class='ocrx_word' id='word_1_62' title='bbox 724 1357 870 1431; x_wconf 84' lang='lat' dir='ltr'>perlectoui¹</span> <span class='ocrx_word' id='word_1_63' title='bbox 886 1359 929 1412; x_wconf 89' lang='lat' dir='ltr'>bic</span> <span class='ocrx_word' id='word_1_64' title='bbox 942 1374 948 1409; x_wconf 92' lang='lat'>:</span> <span class='ocrx_word' id='word_1_65' title='bbox 962 1356 1060 1425; x_wconf 79' lang='lat' dir='ltr'>decipit</span> <span class='ocrx_word' id='word_1_66' title='bbox 1071 1369 1110 1418; x_wconf 87' lang='lat' dir='ltr'>se,</span> <span class='ocrx_word' id='word_1_67' title='bbox 1125 1352 1191 1406; x_wconf 87' lang='lat' dir='ltr'>lallit</span> 
     </span>
     <span class='ocr_line' id='line_1_10' title="bbox 399 1443 1190 1526; baseline -0.021 -11"><span class='ocrx_word' id='word_1_68' title='bbox 399 1477 438 1526; x_wconf 87' lang='lat' dir='ltr'>se,</span> <span class='ocrx_word' id='word_1_69' title='bbox 454 1458 558 1513; x_wconf 89' lang='lat' dir='ltr'>seducit</span> <span class='ocrx_word' id='word_1_70' title='bbox 570 1473 607 1522; x_wconf 90' lang='lat' dir='ltr'>se,</span> <span class='ocrx_word' id='word_1_71' title='bbox 620 1471 671 1510; x_wconf 88' lang='lat' dir='ltr'>non</span> <span class='ocrx_word' id='word_1_72' title='bbox 684 1464 769 1525; x_wconf 88' lang='lat' dir='ltr'>potest</span> <span class='ocrx_word' id='word_1_73' title='bbox 783 1452 825 1506; x_wconf 90' lang='lat' dir='ltr'>bic</span> <span class='ocrx_word' id='word_1_74' title='bbox 835 1452 932 1504; x_wconf 81' lang='lat' dir='ltr'>halvere</span> <span class='ocrx_word' id='word_1_75' title='bbox 946 1446 1146 1519; x_wconf 73' lang='lat' dir='ltr'>perlectionem.</span> <span class='ocrx_word' id='word_1_76' title='bbox 1157 1443 1190 1498; x_wconf 85' lang='lat' dir='ltr'>Et</span> 
     </span>
     <span class='ocr_line' id='line_1_11' title="bbox 399 1539 1191 1622; baseline -0.021 -15"><span class='ocrx_word' id='word_1_77' title='bbox 399 1551 460 1622; x_wconf 89' lang='lat' dir='ltr'>quid</span> <span class='ocrx_word' id='word_1_78' title='bbox 478 1549 602 1620; x_wconf 89' lang='lat' dir='ltr'>prodest,</span> <span class='ocrx_word' id='word_1_79' title='bbox 619 1549 678 1617; x_wconf 89' lang='lat' dir='ltr'>quia</span> <span class='ocrx_word' id='word_1_80' title='bbox 692 1546 776 1615; x_wconf 79' lang='lat' dir='ltr'>perdit</span> <span class='ocrx_word' id='word_1_81' title='bbox 790 1540 983 1597; x_wconf 73' lang='lat' dir='ltr'>humilitatem?</span> <span class='ocrx_word' id='word_1_82' title='bbox 998 1539 1031 1593; x_wconf 82' lang='lat' dir='ltr'>Et</span> <span class='ocrx_word' id='word_1_83' title='bbox 1055 1554 1121 1591; x_wconf 87' lang='lat' dir='ltr'>nnnc</span> <span class='ocrx_word' id='word_1_84' title='bbox 1135 1551 1191 1605; x_wconf 80' lang='lat' dir='ltr'>qarte</span> 
     </span>
     <span class='ocr_line' id='line_1_12' title="bbox 399 1628 1187 1709; baseline -0.019 -14"><span class='ocrx_word' id='word_1_85' title='bbox 399 1651 435 1695; x_wconf 86' lang='lat' dir='ltr'>est</span> <span class='ocrx_word' id='word_1_86' title='bbox 447 1640 600 1709; x_wconf 73' lang='lat' dir='ltr'>exspectatio</span> <span class='ocrx_word' id='word_1_87' title='bbox 621 1637 700 1690; x_wconf 86' lang='lat' dir='ltr'>orco?</span> <span class='ocrx_word' id='word_1_88' title='bbox 721 1650 803 1688; x_wconf 82' lang='lat' dir='ltr'>nortne</span> <span class='ocrx_word' id='word_1_89' title='bbox 828 1632 974 1686; x_wconf 65' lang='lat' dir='ltr'>Dominus?</span> <span class='ocrx_word' id='word_1_90' title='bbox 987 1628 1053 1684; x_wconf 82' lang='lat' dir='ltr'>Cum</span> <span class='ocrx_word' id='word_1_91' title='bbox 1076 1629 1187 1693; x_wconf 80' lang='lat' dir='ltr'>veturit,</span> 
     </span>
     <span class='ocr_line' id='line_1_13' title="bbox 399 1721 1190 1801; baseline -0.016 -15"><span class='ocrx_word' id='word_1_92' title='bbox 399 1732 450 1801; x_wconf 75' lang='lat' dir='ltr'>iam</span> <span class='ocrx_word' id='word_1_93' title='bbox 464 1747 518 1784; x_wconf 92' lang='lat' dir='ltr'>nou</span> <span class='ocrx_word' id='word_1_94' title='bbox 540 1738 709 1798; x_wconf 76' lang='lat' dir='ltr'>exspectatur</span> <span class='ocrx_word' id='word_1_95' title='bbox 723 1745 730 1790; x_wconf 92' lang='lat'>;</span> <span class='ocrx_word' id='word_1_96' title='bbox 744 1735 807 1779; x_wconf 87' lang='lat' dir='ltr'>tuno</span> <span class='ocrx_word' id='word_1_97' title='bbox 829 1725 880 1779; x_wconf 89' lang='lat' dir='ltr'>erit</span> <span class='ocrx_word' id='word_1_98' title='bbox 892 1724 935 1775; x_wconf 92' lang='lat' dir='ltr'>illa</span> <span class='ocrx_word' id='word_1_99' title='bbox 956 1721 1104 1799; x_wconf 76' lang='lat' dir='ltr'>perfectio:</span> <span class='ocrx_word' id='word_1_100' title='bbox 1121 1734 1190 1773; x_wconf 88' lang='lat' dir='ltr'>nurvc</span> 
     </span>
     <span class='ocr_line' id='line_1_14' title="bbox 400 1810 1190 1892; baseline -0.016 -15"><span class='ocrx_word' id='word_1_101' title='bbox 400 1832 486 1877; x_wconf 83' lang='lat' dir='ltr'>autem</span> <span class='ocrx_word' id='word_1_102' title='bbox 498 1832 739 1892; x_wconf 87' lang='lat' dir='ltr'>quantumcumque</span> <span class='ocrx_word' id='word_1_103' title='bbox 753 1813 1032 1880; x_wconf 86' lang='lat' dir='ltr'>transilieritlditlmu,</span> <span class='ocrx_word' id='word_1_104' title='bbox 1048 1810 1190 1864; x_wconf 85' lang='lat' dir='ltr'>adlmeex·</span> 
     </span>
     <span class='ocr_line' id='line_1_15' title="bbox 402 1900 1189 1981; baseline -0.018 -14"><span class='ocrx_word' id='word_1_105' title='bbox 402 1921 513 1981; x_wconf 78' lang='lat' dir='ltr'>spectat.</span> <span class='ocrx_word' id='word_1_106' title='bbox 528 1911 557 1962; x_wconf 70' lang='lat' dir='ltr'>lt&#39;t</span> <span class='ocrx_word' id='word_1_107' title='bbox 572 1910 709 1963; x_wconf 82' lang='lat' dir='ltr'>substantio</span> <span class='ocrx_word' id='word_1_108' title='bbox 721 1924 775 1960; x_wconf 85' lang='lat' dir='ltr'>mro</span> <span class='ocrx_word' id='word_1_109' title='bbox 786 1915 843 1958; x_wconf 88' lang='lat' dir='ltr'>note</span> <span class='ocrx_word' id='word_1_110' title='bbox 856 1913 879 1957; x_wconf 87' lang='lat' dir='ltr'>te</span> <span class='ocrx_word' id='word_1_111' title='bbox 890 1914 926 1956; x_wconf 83' lang='lat' dir='ltr'>ost</span> <span class='ocrx_word' id='word_1_112' title='bbox 939 1919 1046 1971; x_wconf 83' lang='lat' dir='ltr'>seniper.</span> <span class='ocrx_word' id='word_1_113' title='bbox 1056 1900 1114 1956; x_wconf 88' lang='lat' dir='ltr'>Jaru</span> <span class='ocrx_word' id='word_1_114' title='bbox 1128 1914 1189 1969; x_wconf 86' lang='lat' dir='ltr'>pro·</span> 
     </span>
     <span class='ocr_line' id='line_1_16' title="bbox 403 1990 1190 2069; baseline -0.018 -13"><span class='ocrx_word' id='word_1_115' title='bbox 403 2003 504 2065; x_wconf 83' lang='lat' dir='ltr'>boiens,</span> <span class='ocrx_word' id='word_1_116' title='bbox 516 1999 571 2069; x_wconf 83' lang='lat' dir='ltr'>jam</span> <span class='ocrx_word' id='word_1_117' title='bbox 585 1998 617 2052; x_wconf 93' lang='lat' dir='ltr'>ad</span> <span class='ocrx_word' id='word_1_118' title='bbox 641 2013 715 2068; x_wconf 87' lang='lat' dir='ltr'>psmn</span> <span class='ocrx_word' id='word_1_119' title='bbox 731 1996 852 2056; x_wconf 88' lang='lat' dir='ltr'>tendens,</span> <span class='ocrx_word' id='word_1_120' title='bbox 869 2004 895 2048; x_wconf 88' lang='lat' dir='ltr'>et</span> <span class='ocrx_word' id='word_1_121' title='bbox 908 2008 967 2047; x_wconf 88' lang='lat' dir='ltr'>esse</span> <span class='ocrx_word' id='word_1_122' title='bbox 981 1990 1190 2061; x_wconf 86' lang='lat' dir='ltr'>aliqnautnmin·</span> 
     </span>
     <span class='ocr_line' id='line_1_17' title="bbox 402 2082 1189 2163; baseline -0.014 -16"><span class='ocrx_word' id='word_1_123' title='bbox 402 2095 500 2163; x_wconf 87' lang='lat' dir='ltr'>cipicns</span> <span class='ocrx_word' id='word_1_124' title='bbox 518 2110 525 2146; x_wconf 75' lang='grc' dir='ltr'>ε</span> <span class='ocrx_word' id='word_1_125' title='bbox 539 2102 597 2145; x_wconf 78' lang='lat' dir='ltr'>orote</span> <span class='ocrx_word' id='word_1_126' title='bbox 610 2100 633 2143; x_wconf 87' lang='lat' dir='ltr'>te</span> <span class='ocrx_word' id='word_1_127' title='bbox 644 2100 678 2143; x_wconf 76' lang='lat' dir='ltr'>ost</span> <span class='ocrx_word' id='word_1_128' title='bbox 688 2106 785 2157; x_wconf 78' lang='lat' dir='ltr'>semper</span> <span class='ocrx_word' id='word_1_129' title='bbox 807 2087 944 2140; x_wconf 80' lang='lat' dir='ltr'>sorbstnntia</span> <span class='ocrx_word' id='word_1_130' title='bbox 958 2102 1021 2137; x_wconf 74' lang='lat' dir='ltr'>atico.</span> <span class='ocrx_word' id='word_1_131' title='bbox 1038 2082 1189 2139; x_wconf 78' lang='lat' dir='ltr'>Substantia</span> 
     </span>
     <span class='ocr_line' id='line_1_18' title="bbox 402 2176 1189 2246; baseline -0.008 -10"><span class='ocrx_word' id='word_1_132' title='bbox 402 2195 487 2240; x_wconf 87' lang='lat' dir='ltr'>autem</span> <span class='ocrx_word' id='word_1_133' title='bbox 501 2184 550 2236; x_wconf 82' lang='lat' dir='ltr'>ista</span> <span class='ocrx_word' id='word_1_134' title='bbox 565 2191 592 2237; x_wconf 89' lang='grc' dir='ltr'>ει</span> <span class='ocrx_word' id='word_1_135' title='bbox 603 2191 664 2236; x_wconf 82' lang='lat' dir='ltr'>artie</span> <span class='ocrx_word' id='word_1_136' title='bbox 679 2181 800 2234; x_wconf 79' lang='lat' dir='ltr'>lromirres</span> <span class='ocrx_word' id='word_1_137' title='bbox 813 2188 863 2233; x_wconf 84' lang='lat' dir='ltr'>est.</span> <span class='ocrx_word' id='word_1_138' title='bbox 881 2180 980 2231; x_wconf 76' lang='lat' dir='ltr'>drrrtnu</span> <span class='ocrx_word' id='word_1_139' title='bbox 993 2176 1084 2241; x_wconf 79' lang='lat' dir='ltr'>hams,</span> <span class='ocrx_word' id='word_1_140' title='bbox 1094 2191 1189 2246; x_wconf 77' lang='lat' dir='ltr'>argen-</span> 
     </span>
     <span class='ocr_line' id='line_1_19' title="bbox 403 2272 1188 2344; baseline -0.011 -13"><span class='ocrx_word' id='word_1_141' title='bbox 403 2286 454 2331; x_wconf 82' lang='lat' dir='ltr'>tvnn</span> <span class='ocrx_word' id='word_1_142' title='bbox 470 2276 562 2341; x_wconf 88' lang='lat' dir='ltr'>babes,</span> <span class='ocrx_word' id='word_1_143' title='bbox 577 2275 719 2344; x_wconf 81' lang='lat' dir='ltr'>mancipia,</span> <span class='ocrx_word' id='word_1_144' title='bbox 735 2272 847 2342; x_wconf 68' lang='lat' dir='ltr'>praedia,</span> <span class='ocrx_word' id='word_1_145' title='bbox 863 2272 990 2333; x_wconf 87' lang='lat' dir='ltr'>arbores,</span> <span class='ocrx_word' id='word_1_146' title='bbox 1007 2285 1114 2339; x_wconf 89' lang='lat' dir='ltr'>pecora,</span> <span class='ocrx_word' id='word_1_147' title='bbox 1130 2283 1188 2324; x_wconf 88' lang='lat' dir='ltr'>ser·</span> 
     </span>
     <span class='ocr_line' id='line_1_20' title="bbox 402 2365 1188 2435; baseline -0.011 -13"><span class='ocrx_word' id='word_1_148' title='bbox 402 2386 464 2435; x_wconf 90' lang='lat' dir='ltr'>ros;</span> <span class='ocrx_word' id='word_1_149' title='bbox 480 2370 538 2423; x_wconf 80' lang='lat' dir='ltr'>base</span> <span class='ocrx_word' id='word_1_150' title='bbox 551 2368 635 2423; x_wconf 86' lang='lat' dir='ltr'>videri</span> <span class='ocrx_word' id='word_1_151' title='bbox 648 2377 673 2422; x_wconf 93' lang='grc' dir='ltr'>ει</span> <span class='ocrx_word' id='word_1_152' title='bbox 688 2367 721 2419; x_wconf 89' lang='lat' dir='ltr'>ab</span> <span class='ocrx_word' id='word_1_153' title='bbox 744 2365 893 2418; x_wconf 87' lang='lat' dir='ltr'>lmminibns</span> <span class='ocrx_word' id='word_1_154' title='bbox 908 2374 1020 2431; x_wconf 66' lang='lat' dir='ltr'>pressum</span> <span class='ocrx_word' id='word_1_155' title='bbox 1039 2370 1098 2415; x_wconf 91' lang='lat' dir='ltr'>:cst</span> <span class='ocrx_word' id='word_1_156' title='bbox 1113 2376 1188 2429; x_wconf 83' lang='lat' dir='ltr'>que·</span> 
     </span>
     <span class='ocr_line' id='line_1_21' title="bbox 401 2455 1191 2527; baseline -0.016 -7"><span class='ocrx_word' id='word_1_157' title='bbox 401 2465 459 2520; x_wconf 88' lang='lat' dir='ltr'>dam</span> <span class='ocrx_word' id='word_1_158' title='bbox 472 2464 692 2519; x_wconf 73' lang='lat' dir='ltr'>substantionale</span> <span class='ocrx_word' id='word_1_159' title='bbox 707 2471 731 2515; x_wconf 88' lang='lat' dir='ltr'>te</span> <span class='ocrx_word' id='word_1_160' title='bbox 742 2473 856 2527; x_wconf 89' lang='lat' dir='ltr'>semper.</span> <span class='ocrx_word' id='word_1_161' title='bbox 872 2456 905 2509; x_wconf 82' lang='lat' dir='ltr'>Et</span> <span class='ocrx_word' id='word_1_162' title='bbox 915 2455 1052 2510; x_wconf 81' lang='lat' dir='ltr'>substantio</span> <span class='ocrx_word' id='word_1_163' title='bbox 1065 2470 1119 2508; x_wconf 87' lang='lat' dir='ltr'>meo</span> <span class='ocrx_word' id='word_1_164' title='bbox 1132 2463 1191 2507; x_wconf 90' lang='lat' dir='ltr'>oute</span> 
     </span>
    </p>
   </div>
   <div class='ocr_carea' id='block_1_4' title="bbox 401 2551 1191 2719">
    <p class='ocr_par' dir='ltr' id='par_1_4' title="bbox 401 2551 1191 2719">
     <span class='ocr_line' id='line_1_22' title="bbox 401 2551 630 2624; baseline -0.017 -14"><span class='ocrx_word' id='word_1_165' title='bbox 401 2568 422 2610; x_wconf 89' lang='lat' dir='ltr'>te</span> <span class='ocrx_word' id='word_1_166' title='bbox 435 2551 588 2624; x_wconf 79' lang='lat' dir='ltr'>estsevnper.</span> <span class='ocrx_word' id='word_1_167' title='bbox 627 2569 630 2575; x_wconf 54' lang='lat'><strong><em>¹</em></strong></span> 
     </span>
     <span class='ocr_line' id='line_1_23' title="bbox 419 2635 1191 2719; baseline -0.014 -19"><span class='ocrx_word' id='word_1_168' title='bbox 419 2635 1191 2719; x_wconf 73' lang='lat' dir='ltr'>ll.[rors.ll.]dbomnibusirriquitotibvtsmeiserueocellul-</span> 
     </span>
    </p>
   </div>
   <div class='ocr_carea' id='block_1_5' title="bbox 373 2730 1191 4923">
    <p class='ocr_par' dir='ltr' id='par_1_5' title="bbox 373 2730 1191 4923">
     <span class='ocr_line' id='line_1_24' title="bbox 400 2730 1188 2805; baseline -0.013 -12"><span class='ocrx_word' id='word_1_169' title='bbox 400 2752 425 2800; x_wconf 78' lang='grc' dir='ltr'>ιιι</span> <span class='ocrx_word' id='word_1_170' title='bbox 438 2733 577 2802; x_wconf 80' lang='lat' dir='ltr'>transilivi,</span> <span class='ocrx_word' id='word_1_171' title='bbox 587 2737 668 2790; x_wconf 89' lang='lat' dir='ltr'>multa</span> <span class='ocrx_word' id='word_1_172' title='bbox 678 2735 784 2805; x_wconf 88' lang='lat' dir='ltr'>quidem</span> <span class='ocrx_word' id='word_1_173' title='bbox 796 2733 922 2788; x_wconf 80' lang='lat' dir='ltr'>transilivi</span> <span class='ocrx_word' id='word_1_174' title='bbox 935 2750 941 2785; x_wconf 92' lang='lat'><strong>:</strong></span> <span class='ocrx_word' id='word_1_175' title='bbox 953 2732 999 2785; x_wconf 88' lang='lat' dir='ltr'>sed</span> <span class='ocrx_word' id='word_1_176' title='bbox 1009 2731 1030 2784; x_wconf 88' lang='lat' dir='ltr'>si</span> <span class='ocrx_word' id='word_1_177' title='bbox 1041 2730 1188 2795; x_wconf 76' lang='lat' dir='ltr'>dixerimus,</span> 
     </span>
     <span class='ocr_line' id='line_1_25' title="bbox 399 2822 1190 2900; baseline -0.013 -18"><span class='ocrx_word' id='word_1_178' title='bbox 399 2831 456 2899; x_wconf 83' lang='lat' dir='ltr'>quia</span> <span class='ocrx_word' id='word_1_179' title='bbox 466 2840 596 2900; x_wconf 86' lang='lat' dir='ltr'>peceatum</span> <span class='ocrx_word' id='word_1_180' title='bbox 606 2845 656 2881; x_wconf 91' lang='lat' dir='ltr'>non</span> <span class='ocrx_word' id='word_1_181' title='bbox 669 2827 796 2888; x_wconf 85' lang='lat' dir='ltr'>bobenms,</span> <span class='ocrx_word' id='word_1_182' title='bbox 809 2841 854 2878; x_wconf 85' lang='lat' dir='ltr'>nos</span> <span class='ocrx_word' id='word_1_183' title='bbox 868 2824 936 2893; x_wconf 86' lang='lat' dir='ltr'>ipsos</span> <span class='ocrx_word' id='word_1_184' title='bbox 950 2822 1097 2891; x_wconf 82' lang='lat' dir='ltr'>decipimus,</span> <span class='ocrx_word' id='word_1_185' title='bbox 1113 2828 1135 2873; x_wconf 77' lang='lat' dir='ltr'>et</span> <span class='ocrx_word' id='word_1_186' title='bbox 1149 2837 1190 2873; x_wconf 91' lang='lat' dir='ltr'>oe·</span> 
     </span>
     <span class='ocr_line' id='line_1_26' title="bbox 400 2913 1190 2989; baseline -0.006 -14"><span class='ocrx_word' id='word_1_187' title='bbox 400 2923 460 2977; x_wconf 85' lang='lat' dir='ltr'>ritas</span> <span class='ocrx_word' id='word_1_188' title='bbox 473 2923 500 2975; x_wconf 89' lang='lat' dir='ltr'>bt</span> <span class='ocrx_word' id='word_1_189' title='bbox 512 2920 638 2975; x_wconf 85' lang='lat' dir='ltr'>nobisnon</span> <span class='ocrx_word' id='word_1_190' title='bbox 648 2930 683 2973; x_wconf 86' lang='lat' dir='ltr'>est</span> <span class='ocrx_word' id='word_1_191' title='bbox 693 2917 795 2989; x_wconf 80' lang='lat' dir='ltr'>(lioou.</span> <span class='ocrx_word' id='word_1_192' title='bbox 807 2933 825 2981; x_wconf 89' lang='lat' dir='ltr'>t,</span> <span class='ocrx_word' id='word_1_193' title='bbox 835 2918 874 2987; x_wconf 86' lang='grc'>8).</span> <span class='ocrx_word' id='word_1_194' title='bbox 889 2914 969 2969; x_wconf 82' lang='lat' dir='ltr'>llulta</span> <span class='ocrx_word' id='word_1_195' title='bbox 984 2913 1113 2970; x_wconf 75' lang='lat' dir='ltr'>batisilivi</span> <span class='ocrx_word' id='word_1_196' title='bbox 1124 2930 1132 2983; x_wconf 88' lang='grc'><strong>;</strong></span> <span class='ocrx_word' id='word_1_197' title='bbox 1142 2914 1190 2970; x_wconf 83' lang='lat' dir='ltr'>sod</span> 
     </span>
     <span class='ocr_line' id='line_1_27' title="bbox 400 3006 1191 3081; baseline -0.006 -15"><span class='ocrx_word' id='word_1_198' title='bbox 400 3014 485 3068; x_wconf 84' lang='lat' dir='ltr'>adbuc</span> <span class='ocrx_word' id='word_1_199' title='bbox 497 3012 580 3067; x_wconf 87' lang='lat' dir='ltr'>tundo</span> <span class='ocrx_word' id='word_1_200' title='bbox 592 3019 693 3081; x_wconf 86' lang='lat' dir='ltr'>peetus,</span> <span class='ocrx_word' id='word_1_201' title='bbox 710 3022 737 3064; x_wconf 89' lang='lat' dir='ltr'>et</span> <span class='ocrx_word' id='word_1_202' title='bbox 749 3009 809 3064; x_wconf 90' lang='lat' dir='ltr'>dico</span> <span class='ocrx_word' id='word_1_203' title='bbox 826 3026 832 3061; x_wconf 94' lang='lat'>:</span> <span class='ocrx_word' id='word_1_204' title='bbox 848 3008 951 3061; x_wconf 80' lang='lat' dir='ltr'>Dimitte</span> <span class='ocrx_word' id='word_1_205' title='bbox 965 3006 1035 3063; x_wconf 86' lang='lat' dir='ltr'>nobis</span> <span class='ocrx_word' id='word_1_206' title='bbox 1045 3007 1129 3063; x_wconf 79' lang='lat' dir='ltr'>debite</span> <span class='ocrx_word' id='word_1_207' title='bbox 1143 3023 1191 3061; x_wconf 89' lang='lat' dir='ltr'>no-</span> 
     </span>
     <span class='ocr_line' id='line_1_28' title="bbox 400 3098 1188 3170; baseline -0.01 -11"><span class='ocrx_word' id='word_1_208' title='bbox 400 3114 459 3168; x_wconf 86' lang='lat' dir='ltr'>stro,</span> <span class='ocrx_word' id='word_1_209' title='bbox 471 3104 536 3158; x_wconf 75' lang='lat' dir='ltr'>sieut</span> <span class='ocrx_word' id='word_1_210' title='bbox 552 3114 575 3157; x_wconf 91' lang='lat' dir='ltr'>et</span> <span class='ocrx_word' id='word_1_211' title='bbox 593 3118 638 3156; x_wconf 88' lang='lat' dir='ltr'>nos</span> <span class='ocrx_word' id='word_1_212' title='bbox 648 3101 794 3155; x_wconf 87' lang='lat' dir='ltr'>dimittimus</span> <span class='ocrx_word' id='word_1_213' title='bbox 808 3099 959 3153; x_wconf 80' lang='lat' dir='ltr'>debitoribus</span> <span class='ocrx_word' id='word_1_214' title='bbox 974 3099 1067 3152; x_wconf 88' lang='lat' dir='ltr'>nostris</span> <span class='ocrx_word' id='word_1_215' title='bbox 1084 3098 1188 3170; x_wconf 78' lang='lat' dir='ltr'>(dimili.</span> 
     </span>
     <span class='ocr_line' id='line_1_29' title="bbox 401 3183 1190 3263; baseline -0.009 -14"><span class='ocrx_word' id='word_1_216' title='bbox 401 3210 435 3259; x_wconf 88' lang='lat' dir='ltr'>vt,</span> <span class='ocrx_word' id='word_1_217' title='bbox 445 3194 506 3263; x_wconf 68' lang='lat' dir='ltr'>lbi.</span> <span class='ocrx_word' id='word_1_218' title='bbox 523 3192 562 3247; x_wconf 90' lang='lat' dir='ltr'>Tu</span> <span class='ocrx_word' id='word_1_219' title='bbox 580 3206 644 3261; x_wconf 76' lang='lat' dir='ltr'>erqo</span> <span class='ocrx_word' id='word_1_220' title='bbox 664 3190 827 3260; x_wconf 82' lang='lat' dir='ltr'>exspectatio</span> <span class='ocrx_word' id='word_1_221' title='bbox 849 3183 918 3252; x_wconf 83' lang='lat' dir='ltr'>toea,</span> <span class='ocrx_word' id='word_1_222' title='bbox 931 3188 993 3242; x_wconf 80' lang='lat' dir='ltr'>brais</span> <span class='ocrx_word' id='word_1_223' title='bbox 1006 3203 1082 3243; x_wconf 81' lang='lat' dir='ltr'>naeus</span> <span class='ocrx_word' id='word_1_224' title='bbox 1096 3205 1102 3239; x_wconf 91' lang='lat'>:</span> <span class='ocrx_word' id='word_1_225' title='bbox 1117 3186 1190 3242; x_wconf 84' lang='lat' dir='ltr'>Finis</span> 
     </span>
     <span class='ocr_line' id='line_1_30' title="bbox 401 3277 1188 3356; baseline -0.013 -15"><span class='ocrx_word' id='word_1_226' title='bbox 401 3289 463 3341; x_wconf 85' lang='lat' dir='ltr'>enim</span> <span class='ocrx_word' id='word_1_227' title='bbox 473 3283 547 3356; x_wconf 80' lang='lat' dir='ltr'>lepis</span> <span class='ocrx_word' id='word_1_228' title='bbox 558 3283 673 3339; x_wconf 72' lang='lat' dir='ltr'>cbristus</span> <span class='ocrx_word' id='word_1_229' title='bbox 683 3282 716 3334; x_wconf 87' lang='lat' dir='ltr'>od</span> <span class='ocrx_word' id='word_1_230' title='bbox 725 3281 853 3351; x_wconf 81' lang='lat' dir='ltr'>justitiam</span> <span class='ocrx_word' id='word_1_231' title='bbox 865 3280 933 3333; x_wconf 85' lang='lat' dir='ltr'>omni</span> <span class='ocrx_word' id='word_1_232' title='bbox 942 3278 1052 3333; x_wconf 86' lang='lat' dir='ltr'>credenti</span> <span class='ocrx_word' id='word_1_233' title='bbox 1062 3277 1150 3347; x_wconf 81' lang='lat' dir='ltr'>(Dour.</span> <span class='ocrx_word' id='word_1_234' title='bbox 1161 3294 1188 3344; x_wconf 88' lang='lat' dir='ltr'>x,</span> 
     </span>
     <span class='ocr_line' id='line_1_31' title="bbox 402 3368 1190 3448; baseline -0.01 -18"><span class='ocrx_word' id='word_1_235' title='bbox 402 3377 437 3448; x_wconf 83' lang='lat' dir='ltr'>l).</span> <span class='ocrx_word' id='word_1_236' title='bbox 451 3375 489 3431; x_wconf 78' lang='lat' dir='ltr'>Ab</span> <span class='ocrx_word' id='word_1_237' title='bbox 502 3375 626 3436; x_wconf 89' lang='lat' dir='ltr'>omnibus,</span> <span class='ocrx_word' id='word_1_238' title='bbox 639 3389 691 3426; x_wconf 93' lang='lat' dir='ltr'>non</span> <span class='ocrx_word' id='word_1_239' title='bbox 706 3373 790 3427; x_wconf 88' lang='lat' dir='ltr'>solnm</span> <span class='ocrx_word' id='word_1_240' title='bbox 813 3370 846 3424; x_wconf 89' lang='lat' dir='ltr'>ab</span> <span class='ocrx_word' id='word_1_241' title='bbox 860 3370 909 3436; x_wconf 87' lang='lat' dir='ltr'>eis,</span> <span class='ocrx_word' id='word_1_242' title='bbox 933 3385 967 3424; x_wconf 91' lang='lat' dir='ltr'>ne</span> <span class='ocrx_word' id='word_1_243' title='bbox 981 3368 1105 3423; x_wconf 61' lang='lat' dir='ltr'>rev&#39;olvar</span> <span class='ocrx_word' id='word_1_244' title='bbox 1117 3369 1143 3424; x_wconf 92' lang='lat' dir='ltr'>iu</span> <span class='ocrx_word' id='word_1_245' title='bbox 1158 3383 1190 3423; x_wconf 86' lang='lat' dir='ltr'>ea</span> 
     </span>
     <span class='ocr_line' id='line_1_32' title="bbox 402 3462 1189 3540; baseline -0.01 -15"><span class='ocrx_word' id='word_1_246' title='bbox 402 3485 457 3540; x_wconf 78' lang='lat' dir='ltr'>quae</span> <span class='ocrx_word' id='word_1_247' title='bbox 469 3467 602 3523; x_wconf 85' lang='lat' dir='ltr'>transiliri</span> <span class='ocrx_word' id='word_1_248' title='bbox 617 3483 624 3518; x_wconf 76' lang='grc' dir='ltr'>ε</span> <span class='ocrx_word' id='word_1_249' title='bbox 641 3463 862 3520; x_wconf 87' lang='lat' dir='ltr'>sedabomnibns</span> <span class='ocrx_word' id='word_1_250' title='bbox 876 3462 996 3529; x_wconf 90' lang='lat' dir='ltr'>omnino,</span> <span class='ocrx_word' id='word_1_251' title='bbox 1012 3469 1189 3531; x_wconf 83' lang='lat' dir='ltr'>propterquae</span> 
     </span>
     <span class='ocr_line' id='line_1_33' title="bbox 402 3553 1190 3629; baseline -0.01 -12"><span class='ocrx_word' id='word_1_252' title='bbox 402 3561 464 3617; x_wconf 87' lang='lat' dir='ltr'>otibi</span> <span class='ocrx_word' id='word_1_253' title='bbox 477 3560 557 3616; x_wconf 89' lang='lat' dir='ltr'>modo</span> <span class='ocrx_word' id='word_1_254' title='bbox 572 3568 663 3629; x_wconf 86' lang='lat' dir='ltr'>peetus</span> <span class='ocrx_word' id='word_1_255' title='bbox 685 3557 798 3612; x_wconf 90' lang='lat' dir='ltr'>ttmdens</span> <span class='ocrx_word' id='word_1_256' title='bbox 812 3557 887 3621; x_wconf 78' lang='lat' dir='ltr'>vlico,</span> <span class='ocrx_word' id='word_1_257' title='bbox 903 3555 1005 3609; x_wconf 85' lang='lat' dir='ltr'>Dimitte</span> <span class='ocrx_word' id='word_1_258' title='bbox 1024 3553 1094 3609; x_wconf 85' lang='lat' dir='ltr'>nobis</span> <span class='ocrx_word' id='word_1_259' title='bbox 1107 3554 1190 3610; x_wconf 85' lang='lat' dir='ltr'>debito</span> 
     </span>
     <span class='ocr_line' id='line_1_34' title="bbox 403 3648 1189 3718; baseline -0.008 -12"><span class='ocrx_word' id='word_1_260' title='bbox 403 3664 494 3708; x_wconf 65' lang='lat' dir='ltr'>rutro.</span> <span class='ocrx_word' id='word_1_261' title='bbox 509 3652 546 3705; x_wconf 76' lang='lat' dir='ltr'>,tt</span> <span class='ocrx_word' id='word_1_262' title='bbox 555 3651 670 3706; x_wconf 81' lang='lat' dir='ltr'>orrrnibus</span> <span class='ocrx_word' id='word_1_263' title='bbox 684 3648 855 3718; x_wconf 86' lang='lat' dir='ltr'>iniquitatibus</span> <span class='ocrx_word' id='word_1_264' title='bbox 879 3648 940 3701; x_wconf 90' lang='lat' dir='ltr'>meis</span> <span class='ocrx_word' id='word_1_265' title='bbox 957 3663 1015 3700; x_wconf 87' lang='lat' dir='ltr'>erue</span> <span class='ocrx_word' id='word_1_266' title='bbox 1029 3664 1068 3700; x_wconf 81' lang='lat' dir='ltr'>rue</span> <span class='ocrx_word' id='word_1_267' title='bbox 1080 3662 1088 3701; x_wconf 91' lang='grc'>.·</span> <span class='ocrx_word' id='word_1_268' title='bbox 1098 3649 1133 3701; x_wconf 90' lang='lat' dir='ltr'>ita</span> <span class='ocrx_word' id='word_1_269' title='bbox 1144 3662 1189 3701; x_wconf 84' lang='lat' dir='ltr'>sa·</span> 
     </span>
     <span class='ocr_line' id='line_1_35' title="bbox 403 3740 1189 3814; baseline -0.009 -13"><span class='ocrx_word' id='word_1_270' title='bbox 403 3748 525 3814; x_wconf 70' lang='lat' dir='ltr'>pentem,</span> <span class='ocrx_word' id='word_1_271' title='bbox 539 3754 567 3798; x_wconf 90' lang='lat' dir='ltr'>et</span> <span class='ocrx_word' id='word_1_272' title='bbox 577 3753 710 3799; x_wconf 88' lang='lat' dir='ltr'>tenentem</span> <span class='ocrx_word' id='word_1_273' title='bbox 735 3740 806 3811; x_wconf 91' lang='lat' dir='ltr'>quod</span> <span class='ocrx_word' id='word_1_274' title='bbox 828 3740 865 3794; x_wconf 90' lang='lat' dir='ltr'>ait</span> <span class='ocrx_word' id='word_1_275' title='bbox 886 3740 1037 3808; x_wconf 74' lang='lat' dir='ltr'>Apostolus,</span> <span class='ocrx_word' id='word_1_276' title='bbox 1062 3740 1189 3810; x_wconf 78' lang='lat' dir='ltr'>Quotquot</span> 
     </span>
     <span class='ocr_line' id='line_1_36' title="bbox 402 3830 1189 3908; baseline -0.005 -19"><span class='ocrx_word' id='word_1_277' title='bbox 402 3853 456 3908; x_wconf 77' lang='lat' dir='ltr'>erqo</span> <span class='ocrx_word' id='word_1_278' title='bbox 471 3835 576 3908; x_wconf 70' lang='lat' dir='ltr'>perfecti</span> <span class='ocrx_word' id='word_1_279' title='bbox 588 3851 684 3900; x_wconf 86' lang='lat' dir='ltr'>sumus,</span> <span class='ocrx_word' id='word_1_280' title='bbox 698 3833 745 3886; x_wconf 84' lang='lat' dir='ltr'>boe</span> <span class='ocrx_word' id='word_1_281' title='bbox 758 3833 895 3902; x_wconf 83' lang='lat' dir='ltr'>sopiamus.</span> <span class='ocrx_word' id='word_1_282' title='bbox 909 3830 976 3885; x_wconf 87' lang='lat' dir='ltr'>Cum</span> <span class='ocrx_word' id='word_1_283' title='bbox 991 3832 1062 3885; x_wconf 90' lang='lat' dir='ltr'>enim</span> <span class='ocrx_word' id='word_1_284' title='bbox 1074 3846 1103 3887; x_wconf 86' lang='lat' dir='ltr'>se</span> <span class='ocrx_word' id='word_1_285' title='bbox 1114 3830 1189 3886; x_wconf 86' lang='lat' dir='ltr'>dice·</span> 
     </span>
     <span class='ocr_line' id='line_1_37' title="bbox 401 3923 1187 3995; baseline -0.01 -10"><span class='ocrx_word' id='word_1_286' title='bbox 401 3941 437 3986; x_wconf 80' lang='lat' dir='ltr'>tet</span> <span class='ocrx_word' id='word_1_287' title='bbox 452 3929 572 3984; x_wconf 86' lang='lat' dir='ltr'>nondum</span> <span class='ocrx_word' id='word_1_288' title='bbox 585 3942 645 3982; x_wconf 89' lang='lat' dir='ltr'>esse</span> <span class='ocrx_word' id='word_1_289' title='bbox 658 3925 814 3995; x_wconf 83' lang='lat' dir='ltr'>perlectum,</span> <span class='ocrx_word' id='word_1_290' title='bbox 828 3924 866 3979; x_wconf 89' lang='lat' dir='ltr'>ibi</span> <span class='ocrx_word' id='word_1_291' title='bbox 879 3923 1006 3978; x_wconf 89' lang='lat' dir='ltr'>contiuuo</span> <span class='ocrx_word' id='word_1_292' title='bbox 1019 3932 1126 3978; x_wconf 88' lang='lat' dir='ltr'>secutus</span> <span class='ocrx_word' id='word_1_293' title='bbox 1136 3923 1187 3977; x_wconf 85' lang='lat' dir='ltr'>ait:</span> 
     </span>
     <span class='ocr_line' id='line_1_38' title="bbox 401 4015 1188 4094; baseline -0.011 -16"><span class='ocrx_word' id='word_1_294' title='bbox 401 4027 595 4094; x_wconf 82' lang='lat' dir='ltr'>erotqvtoterqo</span> <span class='ocrx_word' id='word_1_295' title='bbox 609 4023 712 4094; x_wconf 76' lang='lat' dir='ltr'>perfecti</span> <span class='ocrx_word' id='word_1_296' title='bbox 724 4037 821 4084; x_wconf 81' lang='lat' dir='ltr'>sunaus,</span> <span class='ocrx_word' id='word_1_297' title='bbox 837 4015 883 4072; x_wconf 84' lang='lat' dir='ltr'>doe</span> <span class='ocrx_word' id='word_1_298' title='bbox 895 4019 1034 4087; x_wconf 82' lang='lat' dir='ltr'>sopiamus.</span> <span class='ocrx_word' id='word_1_299' title='bbox 1047 4017 1115 4085; x_wconf 84' lang='lat' dir='ltr'>Quid</span> <span class='ocrx_word' id='word_1_300' title='bbox 1137 4026 1188 4083; x_wconf 87' lang='lat' dir='ltr'>est,</span> 
     </span>
     <span class='ocr_line' id='line_1_39' title="bbox 398 4109 1190 4190; baseline -0.013 -18"><span class='ocrx_word' id='word_1_301' title='bbox 398 4119 526 4190; x_wconf 69' lang='lat' dir='ltr'>Quotquot</span> <span class='ocrx_word' id='word_1_302' title='bbox 539 4117 642 4187; x_wconf 72' lang='lat' dir='ltr'>perlecti</span> <span class='ocrx_word' id='word_1_303' title='bbox 655 4116 761 4169; x_wconf 83' lang='lat' dir='ltr'>sumus?</span> <span class='ocrx_word' id='word_1_304' title='bbox 775 4113 833 4167; x_wconf 85' lang='lat' dir='ltr'>iarn</span> <span class='ocrx_word' id='word_1_305' title='bbox 845 4112 944 4166; x_wconf 90' lang='lat' dir='ltr'>dudum</span> <span class='ocrx_word' id='word_1_306' title='bbox 956 4120 982 4164; x_wconf 92' lang='lat' dir='ltr'>tu</span> <span class='ocrx_word' id='word_1_307' title='bbox 994 4110 1115 4169; x_wconf 81' lang='lat' dir='ltr'>dixeras:</span> <span class='ocrx_word' id='word_1_308' title='bbox 1131 4109 1190 4163; x_wconf 89' lang='lat' dir='ltr'>Non</span> 
     </span>
     <span class='ocr_line' id='line_1_40' title="bbox 395 4202 1191 4282; baseline -0.01 -18"><span class='ocrx_word' id='word_1_309' title='bbox 395 4212 455 4276; x_wconf 82' lang='lat' dir='ltr'>qnia</span> <span class='ocrx_word' id='word_1_310' title='bbox 464 4211 524 4282; x_wconf 76' lang='lat' dir='ltr'>jem</span> <span class='ocrx_word' id='word_1_311' title='bbox 538 4207 685 4278; x_wconf 85' lang='lat' dir='ltr'>occeperim,</span> <span class='ocrx_word' id='word_1_312' title='bbox 701 4215 744 4258; x_wconf 87' lang='lat' dir='ltr'>ont</span> <span class='ocrx_word' id='word_1_313' title='bbox 753 4207 810 4274; x_wconf 80' lang='lat' dir='ltr'>jam</span> <span class='ocrx_word' id='word_1_314' title='bbox 821 4204 1008 4275; x_wconf 70' lang='lat' dir='ltr'>perfectussim.</span> <span class='ocrx_word' id='word_1_315' title='bbox 1019 4202 1134 4271; x_wconf 87' lang='lat' dir='ltr'>Sequere</span> <span class='ocrx_word' id='word_1_316' title='bbox 1146 4218 1191 4256; x_wconf 90' lang='lat' dir='ltr'>or·</span> 
     </span>
     <span class='ocr_line' id='line_1_41' title="bbox 391 4295 1190 4365; baseline -0.01 -9"><span class='ocrx_word' id='word_1_317' title='bbox 391 4302 488 4358; x_wconf 86' lang='lat' dir='ltr'>dinem</span> <span class='ocrx_word' id='word_1_318' title='bbox 502 4301 634 4356; x_wconf 84' lang='lat' dir='ltr'>dictorum</span> <span class='ocrx_word' id='word_1_319' title='bbox 644 4301 664 4352; x_wconf 88' lang='lat'>¹.</span> <span class='ocrx_word' id='word_1_320' title='bbox 679 4298 764 4354; x_wconf 84' lang='lat' dir='ltr'>Utrum</span> <span class='ocrx_word' id='word_1_321' title='bbox 777 4307 877 4360; x_wconf 85' lang='lat' dir='ltr'>autern,</span> <span class='ocrx_word' id='word_1_322' title='bbox 892 4311 949 4365; x_wconf 78' lang='lat' dir='ltr'>qne</span> <span class='ocrx_word' id='word_1_323' title='bbox 971 4306 1037 4347; x_wconf 87' lang='lat' dir='ltr'>retro</span> <span class='ocrx_word' id='word_1_324' title='bbox 1052 4295 1152 4361; x_wconf 84' lang='lat' dir='ltr'>oblitus,</span> <span class='ocrx_word' id='word_1_325' title='bbox 1163 4295 1190 4348; x_wconf 88' lang='lat' dir='ltr'>in</span> 
     </span>
     <span class='ocr_line' id='line_1_42' title="bbox 391 4388 1187 4464; baseline -0.015 -14"><span class='ocrx_word' id='word_1_326' title='bbox 391 4410 425 4449; x_wconf 75' lang='grc' dir='ltr'>ω</span> <span class='ocrx_word' id='word_1_327' title='bbox 434 4411 494 4464; x_wconf 79' lang='lat' dir='ltr'>qaue</span> <span class='ocrx_word' id='word_1_328' title='bbox 503 4403 629 4448; x_wconf 77' lang='lat' dir='ltr'>anteeant</span> <span class='ocrx_word' id='word_1_329' title='bbox 641 4401 764 4453; x_wconf 71' lang='lat' dir='ltr'>extentus,</span> <span class='ocrx_word' id='word_1_330' title='bbox 774 4390 909 4443; x_wconf 78' lang='lat' dir='ltr'>sectandum</span> <span class='ocrx_word' id='word_1_331' title='bbox 923 4388 1081 4439; x_wconf 84' lang='lat' dir='ltr'>inientionem</span> <span class='ocrx_word' id='word_1_332' title='bbox 1090 4403 1187 4455; x_wconf 88' lang='lat' dir='ltr'>sequor,</span> 
     </span>
     <span class='ocr_line' id='line_1_43' title="bbox 384 4474 1190 4558; baseline -0.015 -19"><span class='ocrx_word' id='word_1_333' title='bbox 384 4492 430 4542; x_wconf 77' lang='lat' dir='ltr'>ne</span> <span class='ocrx_word' id='word_1_334' title='bbox 445 4487 558 4558; x_wconf 79' lang='lat' dir='ltr'>pulmoni</span> <span class='ocrx_word' id='word_1_335' title='bbox 566 4499 682 4556; x_wconf 74' lang='lat' dir='ltr'>supernos</span> <span class='ocrx_word' id='word_1_336' title='bbox 690 4482 826 4536; x_wconf 75' lang='lat' dir='ltr'>vocationis</span> <span class='ocrx_word' id='word_1_337' title='bbox 833 4478 881 4531; x_wconf 86' lang='lat' dir='ltr'>Dei</span> <span class='ocrx_word' id='word_1_338' title='bbox 892 4478 920 4530; x_wconf 87' lang='lat' dir='ltr'>in</span> <span class='ocrx_word' id='word_1_339' title='bbox 933 4476 1031 4531; x_wconf 83' lang='lat' dir='ltr'>Cirristo</span> <span class='ocrx_word' id='word_1_340' title='bbox 1043 4474 1104 4528; x_wconf 79' lang='lat' dir='ltr'>iesu</span> <span class='ocrx_word' id='word_1_341' title='bbox 1112 4474 1190 4544; x_wconf 85' lang='lat' dir='ltr'>(Plri-</span> 
     </span>
     <span class='ocr_line' id='line_1_44' title="bbox 387 4569 1189 4650; baseline -0.007 -20"><span class='ocrx_word' id='word_1_342' title='bbox 387 4579 444 4650; x_wconf 81' lang='lat' dir='ltr'>dip.</span> <span class='ocrx_word' id='word_1_343' title='bbox 458 4578 607 4649; x_wconf 60' lang='lat' dir='ltr'>rudi—15).</span> <span class='ocrx_word' id='word_1_344' title='bbox 622 4577 683 4630; x_wconf 88' lang='lat' dir='ltr'>idco</span> <span class='ocrx_word' id='word_1_345' title='bbox 697 4573 814 4628; x_wconf 79' lang='lat' dir='ltr'>nonDum</span> <span class='ocrx_word' id='word_1_346' title='bbox 838 4570 980 4641; x_wconf 86' lang='lat' dir='ltr'>perlectus,</span> <span class='ocrx_word' id='word_1_347' title='bbox 995 4569 1055 4639; x_wconf 85' lang='lat' dir='ltr'>quia</span> <span class='ocrx_word' id='word_1_348' title='bbox 1071 4569 1189 4639; x_wconf 89' lang='lat' dir='ltr'>sequitur</span> 
     </span>
     <span class='ocr_line' id='line_1_45' title="bbox 379 4662 1189 4741; baseline -0.005 -20"><span class='ocrx_word' id='word_1_349' title='bbox 379 4674 431 4727; x_wconf 78' lang='lat' dir='ltr'>ad</span> <span class='ocrx_word' id='word_1_350' title='bbox 444 4671 560 4741; x_wconf 88' lang='lat' dir='ltr'>palmam</span> <span class='ocrx_word' id='word_1_351' title='bbox 573 4665 847 4738; x_wconf 75' lang='lat' dir='ltr'>strpernsevocationis</span> <span class='ocrx_word' id='word_1_352' title='bbox 859 4665 1000 4733; x_wconf 88' lang='lat' dir='ltr'>Dei,quam</span> <span class='ocrx_word' id='word_1_353' title='bbox 1016 4662 1136 4716; x_wconf 91' lang='lat' dir='ltr'>nondum</span> <span class='ocrx_word' id='word_1_354' title='bbox 1148 4663 1189 4717; x_wconf 89' lang='lat' dir='ltr'>itt·</span> 
     </span>
     <span class='ocr_line' id='line_1_46' title="bbox 379 4756 1190 4831; baseline -0.007 -16"><span class='ocrx_word' id='word_1_355' title='bbox 379 4765 482 4828; x_wconf 77' lang='lat' dir='ltr'>venit,</span> <span class='ocrx_word' id='word_1_356' title='bbox 495 4761 529 4816; x_wconf 88' lang='lat' dir='ltr'>ad</span> <span class='ocrx_word' id='word_1_357' title='bbox 541 4776 620 4831; x_wconf 89' lang='lat' dir='ltr'>quam</span> <span class='ocrx_word' id='word_1_358' title='bbox 634 4759 750 4813; x_wconf 90' lang='lat' dir='ltr'>nondum</span> <span class='ocrx_word' id='word_1_359' title='bbox 767 4756 1040 4826; x_wconf 65' lang='lat' dir='ltr'>perversissimum</span> <span class='ocrx_word' id='word_1_360' title='bbox 1068 4770 1120 4807; x_wconf 92' lang='lat' dir='ltr'>non</span> <span class='ocrx_word' id='word_1_361' title='bbox 1148 4763 1190 4809; x_wconf 90' lang='lat' dir='ltr'>est</span> 
     </span>
     <span class='ocr_line' id='line_1_47' title="bbox 373 4847 1190 4923; baseline -0.015 -10"><span class='ocrx_word' id='word_1_362' title='bbox 373 4855 543 4922; x_wconf 73' lang='lat' dir='ltr'>periectos,</span> <span class='ocrx_word' id='word_1_363' title='bbox 556 4854 681 4923; x_wconf 88' lang='lat' dir='ltr'>quianon</span> <span class='ocrx_word' id='word_1_364' title='bbox 695 4851 757 4904; x_wconf 92' lang='lat' dir='ltr'>illuc</span> <span class='ocrx_word' id='word_1_365' title='bbox 767 4848 898 4920; x_wconf 88' lang='lat' dir='ltr'>pervenit,</span> <span class='ocrx_word' id='word_1_366' title='bbox 913 4847 972 4917; x_wconf 89' lang='lat' dir='ltr'>quis</span> <span class='ocrx_word' id='word_1_367' title='bbox 998 4856 1116 4901; x_wconf 90' lang='lat' dir='ltr'>nostrum</span> <span class='ocrx_word' id='word_1_368' title='bbox 1129 4863 1190 4917; x_wconf 88' lang='lat' dir='ltr'>per·</span> 
     </span>
    </p>
   </div>
   <div class='ocr_carea' id='block_1_6' title="bbox 930 670 1521 778">
    <p class='ocr_par' dir='ltr' id='par_1_6' title="bbox 930 670 1521 778">
     <span class='ocr_line' id='line_1_48' title="bbox 930 670 1521 778; baseline -0.008 -28"><span class='ocrx_word' id='word_1_369' title='bbox 930 691 1126 750; x_wconf 78' lang='lat' dir='ltr'>sarnanum</span> <span class='ocrx_word' id='word_1_370' title='bbox 1146 691 1177 746; x_wconf 92' lang='lat' dir='ltr'>m</span> <span class='ocrx_word' id='word_1_371' title='bbox 1197 689 1359 778; x_wconf 79' lang='lat' dir='ltr'>nsnmtuu</span> <span class='ocrx_word' id='word_1_372' title='bbox 1379 670 1521 747; x_wconf 82' lang='lat' dir='ltr'>nnivvrt.</span> 
     </span>
    </p>
   </div>
   <div class='ocr_carea' id='block_1_7' title="bbox 1242 698 2109 4922">
    <p class='ocr_par' dir='ltr' id='par_1_7' title="bbox 1242 698 2030 879">
     <span class='ocr_line' id='line_1_49' title="bbox 1980 698 2030 756; baseline -0.08 -1"><span class='ocrx_word' id='word_1_373' title='bbox 1980 698 2030 756; x_wconf 67' lang='lat' dir='ltr'>bib</span> 
     </span>
     <span class='ocr_line' id='line_1_50' title="bbox 1242 806 1960 879; baseline 0.01 -20"><span class='ocrx_word' id='word_1_374' title='bbox 1242 806 1296 874; x_wconf 83' lang='lat' dir='ltr'>jam</span> <span class='ocrx_word' id='word_1_375' title='bbox 1311 806 1464 874; x_wconf 74' lang='lat' dir='ltr'>pervertisse</span> <span class='ocrx_word' id='word_1_376' title='bbox 1476 815 1559 875; x_wconf 89' lang='lat' dir='ltr'>putat,</span> <span class='ocrx_word' id='word_1_377' title='bbox 1577 807 1602 860; x_wconf 91' lang='lat' dir='ltr'>in</span> <span class='ocrx_word' id='word_1_378' title='bbox 1618 807 1670 861; x_wconf 90' lang='lat' dir='ltr'>alto</span> <span class='ocrx_word' id='word_1_379' title='bbox 1687 821 1714 862; x_wconf 85' lang='lat' dir='ltr'>so</span> <span class='ocrx_word' id='word_1_380' title='bbox 1729 810 1800 879; x_wconf 89' lang='lat' dir='ltr'>ponit</span> <span class='ocrx_word' id='word_1_381' title='bbox 1813 852 1819 875; x_wconf 97' lang='lat'>,</span> <span class='ocrx_word' id='word_1_382' title='bbox 1833 821 1861 865; x_wconf 92' lang='lat' dir='ltr'>ut</span> <span class='ocrx_word' id='word_1_383' title='bbox 1875 812 1960 868; x_wconf 83' lang='lat' dir='ltr'>eadat.</span> 
     </span>
    </p>

    <p class='ocr_par' dir='ltr' id='par_1_8' title="bbox 1242 896 2109 3632">
     <span class='ocr_line' id='line_1_51' title="bbox 1281 896 2032 974; baseline 0.017 -24"><span class='ocrx_word' id='word_1_384' title='bbox 1281 897 1323 951; x_wconf 71' lang='lat' dir='ltr'>lb.</span> <span class='ocrx_word' id='word_1_385' title='bbox 1336 896 1401 964; x_wconf 85' lang='lat' dir='ltr'>Quia</span> <span class='ocrx_word' id='word_1_386' title='bbox 1424 912 1487 968; x_wconf 82' lang='lat' dir='ltr'>ergo</span> <span class='ocrx_word' id='word_1_387' title='bbox 1511 898 1546 952; x_wconf 89' lang='lat' dir='ltr'>ita</span> <span class='ocrx_word' id='word_1_388' title='bbox 1566 902 1650 968; x_wconf 88' lang='lat' dir='ltr'>sapio,</span> <span class='ocrx_word' id='word_1_389' title='bbox 1667 900 1727 971; x_wconf 90' lang='lat' dir='ltr'>qnia</span> <span class='ocrx_word' id='word_1_390' title='bbox 1747 913 1830 957; x_wconf 90' lang='lat' dir='ltr'>meet</span> <span class='ocrx_word' id='word_1_391' title='bbox 1850 905 2032 974; x_wconf 79' lang='lat' dir='ltr'>imperfectum</span> 
     </span>
     <span class='ocr_line' id='line_1_52' title="bbox 1244 985 2032 1065; baseline 0.023 -28"><span class='ocrx_word' id='word_1_392' title='bbox 1244 985 1304 1040; x_wconf 84' lang='lat' dir='ltr'>dico</span> <span class='ocrx_word' id='word_1_393' title='bbox 1312 996 1338 1039; x_wconf 88' lang='lat' dir='ltr'>et</span> <span class='ocrx_word' id='word_1_394' title='bbox 1350 986 1495 1055; x_wconf 88' lang='lat' dir='ltr'>perlectum</span> <span class='ocrx_word' id='word_1_395' title='bbox 1512 989 1711 1058; x_wconf 79' lang='lat' dir='ltr'>:imperfectum</span> <span class='ocrx_word' id='word_1_396' title='bbox 1721 992 1837 1061; x_wconf 87' lang='lat' dir='ltr'>quidem,</span> <span class='ocrx_word' id='word_1_397' title='bbox 1848 996 2032 1065; x_wconf 90' lang='lat' dir='ltr'>qniannndunr</span> 
     </span>
     <span class='ocr_line' id='line_1_53' title="bbox 1244 1076 2033 1158; baseline 0.022 -30"><span class='ocrx_word' id='word_1_398' title='bbox 1244 1076 1342 1146; x_wconf 88' lang='lat' dir='ltr'>aliquid</span> <span class='ocrx_word' id='word_1_399' title='bbox 1355 1079 1443 1148; x_wconf 89' lang='lat' dir='ltr'>accepi</span> <span class='ocrx_word' id='word_1_400' title='bbox 1457 1080 1526 1148; x_wconf 89' lang='lat' dir='ltr'>quod</span> <span class='ocrx_word' id='word_1_401' title='bbox 1538 1081 1612 1146; x_wconf 78' lang='lat' dir='ltr'>vrvlo;</span> <span class='ocrx_word' id='word_1_402' title='bbox 1630 1081 1773 1150; x_wconf 84' lang='lat' dir='ltr'>perlectum</span> <span class='ocrx_word' id='word_1_403' title='bbox 1787 1095 1891 1152; x_wconf 87' lang='lat' dir='ltr'>antem,</span> <span class='ocrx_word' id='word_1_404' title='bbox 1906 1090 1967 1158; x_wconf 91' lang='lat' dir='ltr'>quia</span> <span class='ocrx_word' id='word_1_405' title='bbox 1978 1092 2033 1145; x_wconf 90' lang='lat' dir='ltr'>seio</span> 
     </span>
     <span class='ocr_line' id='line_1_54' title="bbox 1243 1165 2032 1253; baseline 0.022 -33"><span class='ocrx_word' id='word_1_406' title='bbox 1243 1165 1295 1221; x_wconf 89' lang='lat' dir='ltr'>buc</span> <span class='ocrx_word' id='word_1_407' title='bbox 1306 1169 1391 1237; x_wconf 89' lang='lat' dir='ltr'>ipsum</span> <span class='ocrx_word' id='word_1_408' title='bbox 1407 1171 1476 1238; x_wconf 86' lang='lat' dir='ltr'>quod</span> <span class='ocrx_word' id='word_1_409' title='bbox 1492 1171 1556 1225; x_wconf 91' lang='lat' dir='ltr'>milri</span> <span class='ocrx_word' id='word_1_410' title='bbox 1571 1172 1659 1228; x_wconf 82' lang='lat' dir='ltr'>desit:</span> <span class='ocrx_word' id='word_1_411' title='bbox 1674 1174 1733 1243; x_wconf 88' lang='lat' dir='ltr'>qnia</span> <span class='ocrx_word' id='word_1_412' title='bbox 1748 1191 1811 1246; x_wconf 83' lang='lat' dir='ltr'>ergo</span> <span class='ocrx_word' id='word_1_413' title='bbox 1825 1178 1863 1233; x_wconf 91' lang='lat' dir='ltr'>sic</span> <span class='ocrx_word' id='word_1_414' title='bbox 1875 1182 1958 1250; x_wconf 84' lang='lat' dir='ltr'>sapio,</span> <span class='ocrx_word' id='word_1_415' title='bbox 1971 1185 2032 1253; x_wconf 89' lang='lat' dir='ltr'>quia</span> 
     </span>
     <span class='ocr_line' id='line_1_55' title="bbox 1244 1260 2033 1343; baseline 0.028 -31"><span class='ocrx_word' id='word_1_416' title='bbox 1244 1260 1358 1314; x_wconf 88' lang='lat' dir='ltr'>bumana</span> <span class='ocrx_word' id='word_1_417' title='bbox 1372 1272 1524 1331; x_wconf 84' lang='lat' dir='ltr'>contemno,</span> <span class='ocrx_word' id='word_1_418' title='bbox 1537 1267 1597 1334; x_wconf 89' lang='lat' dir='ltr'>quia</span> <span class='ocrx_word' id='word_1_419' title='bbox 1611 1266 1694 1321; x_wconf 82' lang='lat' dir='ltr'>laturi</span> <span class='ocrx_word' id='word_1_420' title='bbox 1715 1270 1741 1323; x_wconf 92' lang='lat' dir='ltr'>in</span> <span class='ocrx_word' id='word_1_421' title='bbox 1761 1271 1840 1327; x_wconf 88' lang='lat' dir='ltr'>rebus</span> <span class='ocrx_word' id='word_1_422' title='bbox 1861 1278 2033 1343; x_wconf 81' lang='lat' dir='ltr'>pereuntibus</span> 
     </span>
     <span class='ocr_line' id='line_1_56' title="bbox 1244 1350 2032 1438; baseline 0.028 -36"><span class='ocrx_word' id='word_1_423' title='bbox 1244 1350 1316 1416; x_wconf 90' lang='lat' dir='ltr'>nolo,</span> <span class='ocrx_word' id='word_1_424' title='bbox 1331 1353 1390 1420; x_wconf 88' lang='lat' dir='ltr'>qrvia</span> <span class='ocrx_word' id='word_1_425' title='bbox 1406 1353 1518 1407; x_wconf 82' lang='lat' dir='ltr'>irrideor</span> <span class='ocrx_word' id='word_1_426' title='bbox 1528 1356 1560 1410; x_wconf 90' lang='lat' dir='ltr'>ab</span> <span class='ocrx_word' id='word_1_427' title='bbox 1573 1372 1653 1412; x_wconf 87' lang='lat' dir='ltr'>avaro</span> <span class='ocrx_word' id='word_1_428' title='bbox 1666 1359 1780 1427; x_wconf 81' lang='lat' dir='ltr'>jactante</span> <span class='ocrx_word' id='word_1_429' title='bbox 1792 1378 1821 1417; x_wconf 90' lang='lat' dir='ltr'>se</span> <span class='ocrx_word' id='word_1_430' title='bbox 1836 1366 1905 1434; x_wconf 90' lang='lat' dir='ltr'>quod</span> <span class='ocrx_word' id='word_1_431' title='bbox 1920 1368 1954 1422; x_wconf 89' lang='lat' dir='ltr'>sit</span> <span class='ocrx_word' id='word_1_432' title='bbox 1969 1385 2032 1438; x_wconf 91' lang='lat' dir='ltr'>prn-</span> 
     </span>
     <span class='ocr_line' id='line_1_57' title="bbox 1243 1441 2030 1530; baseline 0.023 -38"><span class='ocrx_word' id='word_1_433' title='bbox 1243 1441 1319 1506; x_wconf 76' lang='lat' dir='ltr'>dcns,</span> <span class='ocrx_word' id='word_1_434' title='bbox 1336 1453 1362 1496; x_wconf 89' lang='lat' dir='ltr'>et</span> <span class='ocrx_word' id='word_1_435' title='bbox 1377 1461 1418 1498; x_wconf 86' lang='lat' dir='ltr'>rvve</span> <span class='ocrx_word' id='word_1_436' title='bbox 1432 1446 1559 1501; x_wconf 86' lang='lat' dir='ltr'>irridente</span> <span class='ocrx_word' id='word_1_437' title='bbox 1582 1450 1651 1517; x_wconf 89' lang='lat' dir='ltr'>quod</span> <span class='ocrx_word' id='word_1_438' title='bbox 1676 1450 1816 1520; x_wconf 74' lang='lat' dir='ltr'>desipiam,</span> <span class='ocrx_word' id='word_1_439' title='bbox 1833 1456 1893 1523; x_wconf 89' lang='lat' dir='ltr'>quia</span> <span class='ocrx_word' id='word_1_440' title='bbox 1914 1459 1952 1513; x_wconf 90' lang='lat' dir='ltr'>sic</span> <span class='ocrx_word' id='word_1_441' title='bbox 1971 1476 2030 1530; x_wconf 79' lang='lat' dir='ltr'>ago,</span> 
     </span>
     <span class='ocr_line' id='line_1_58' title="bbox 1243 1533 2032 1621; baseline 0.024 -35"><span class='ocrx_word' id='word_1_442' title='bbox 1243 1535 1303 1602; x_wconf 89' lang='lat' dir='ltr'>quia</span> <span class='ocrx_word' id='word_1_443' title='bbox 1317 1533 1385 1590; x_wconf 88' lang='lat' dir='ltr'>bane</span> <span class='ocrx_word' id='word_1_444' title='bbox 1401 1538 1468 1590; x_wconf 90' lang='lat' dir='ltr'>viam</span> <span class='ocrx_word' id='word_1_445' title='bbox 1490 1553 1588 1609; x_wconf 90' lang='lat' dir='ltr'>carpo:</span> <span class='ocrx_word' id='word_1_446' title='bbox 1605 1540 1785 1612; x_wconf 84' lang='lat' dir='ltr'>Opprobriuur,</span> <span class='ocrx_word' id='word_1_447' title='bbox 1797 1545 1890 1616; x_wconf 90' lang='lat' dir='ltr'>iuquit,</span> <span class='ocrx_word' id='word_1_448' title='bbox 1906 1549 2032 1621; x_wconf 80' lang='lat' dir='ltr'>insipienti</span> 
     </span>
     <span class='ocr_line' id='line_1_59' title="bbox 1243 1625 2031 1711; baseline 0.024 -34"><span class='ocrx_word' id='word_1_449' title='bbox 1243 1625 1334 1679; x_wconf 78' lang='lat' dir='ltr'>dedisti</span> <span class='ocrx_word' id='word_1_450' title='bbox 1344 1644 1391 1680; x_wconf 76' lang='lat' dir='ltr'>aare.</span> <span class='ocrx_word' id='word_1_451' title='bbox 1405 1628 1476 1682; x_wconf 90' lang='lat' dir='ltr'>lnter</span> <span class='ocrx_word' id='word_1_452' title='bbox 1488 1644 1534 1684; x_wconf 89' lang='lat' dir='ltr'>eos</span> <span class='ocrx_word' id='word_1_453' title='bbox 1547 1647 1590 1686; x_wconf 87' lang='lat' dir='ltr'>me</span> <span class='ocrx_word' id='word_1_454' title='bbox 1601 1633 1690 1688; x_wconf 86' lang='lat' dir='ltr'>virere</span> <span class='ocrx_word' id='word_1_455' title='bbox 1702 1635 1817 1698; x_wconf 88' lang='lat' dir='ltr'>voluisti,</span> <span class='ocrx_word' id='word_1_456' title='bbox 1833 1640 1901 1693; x_wconf 90' lang='lat' dir='ltr'>inter</span> <span class='ocrx_word' id='word_1_457' title='bbox 1913 1655 1959 1694; x_wconf 88' lang='lat' dir='ltr'>eos</span> <span class='ocrx_word' id='word_1_458' title='bbox 1969 1658 2031 1711; x_wconf 86' lang='lat' dir='ltr'>pra·-</span> 
     </span>
     <span class='ocr_line' id='line_1_60' title="bbox 1242 1718 2030 1801; baseline 0.023 -30"><span class='ocrx_word' id='word_1_459' title='bbox 1242 1718 1332 1774; x_wconf 85' lang='lat' dir='ltr'>dioarc</span> <span class='ocrx_word' id='word_1_460' title='bbox 1345 1721 1494 1786; x_wconf 87' lang='lat' dir='ltr'>veritatem,</span> <span class='ocrx_word' id='word_1_461' title='bbox 1509 1724 1554 1792; x_wconf 90' lang='lat' dir='ltr'>qui</span> <span class='ocrx_word' id='word_1_462' title='bbox 1576 1734 1667 1779; x_wconf 83' lang='lat' dir='ltr'>atrrant</span> <span class='ocrx_word' id='word_1_463' title='bbox 1686 1728 1843 1793; x_wconf 82' lang='lat' dir='ltr'>vanitatom3</span> <span class='ocrx_word' id='word_1_464' title='bbox 1858 1740 1885 1784; x_wconf 90' lang='lat' dir='ltr'>et</span> <span class='ocrx_word' id='word_1_465' title='bbox 1900 1747 1952 1787; x_wconf 89' lang='lat' dir='ltr'>non</span> <span class='ocrx_word' id='word_1_466' title='bbox 1968 1726 2030 1801; x_wconf 73' lang='lat' dir='ltr'>pos·</span> 
     </span>
     <span class='ocr_line' id='line_1_61' title="bbox 1243 1812 2109 1888; baseline 0.025 -28"><span class='ocrx_word' id='word_1_467' title='bbox 1243 1826 1301 1862; x_wconf 80' lang='lat' dir='ltr'>sunl</span> <span class='ocrx_word' id='word_1_468' title='bbox 1316 1812 1364 1865; x_wconf 93' lang='lat' dir='ltr'>nisi</span> <span class='ocrx_word' id='word_1_469' title='bbox 1379 1812 1482 1868; x_wconf 85' lang='lat' dir='ltr'>irrideri</span> <span class='ocrx_word' id='word_1_470' title='bbox 1497 1815 1529 1868; x_wconf 87' lang='lat' dir='ltr'>ab</span> <span class='ocrx_word' id='word_1_471' title='bbox 1539 1815 1578 1869; x_wconf 88' lang='lat' dir='ltr'>eis</span> <span class='ocrx_word' id='word_1_472' title='bbox 1588 1833 1594 1866; x_wconf 76' lang='grc' dir='ltr'>ε</span> <span class='ocrx_word' id='word_1_473' title='bbox 1605 1818 1664 1886; x_wconf 89' lang='lat' dir='ltr'>quia</span> <span class='ocrx_word' id='word_1_474' title='bbox 1674 1820 1853 1888; x_wconf 85' lang='lat' dir='ltr'>spectaculum</span> <span class='ocrx_word' id='word_1_475' title='bbox 1867 1821 1926 1877; x_wconf 87' lang='lat' dir='ltr'>iacti</span> <span class='ocrx_word' id='word_1_476' title='bbox 1941 1838 2032 1880; x_wconf 82' lang='lat' dir='ltr'>sunms</span> <span class='ocrx_word' id='word_1_477' title='bbox 2106 1819 2109 1823; x_wconf 55' lang='grc'><strong><em>’</em></strong></span> 
     </span>
     <span class='ocr_line' id='line_1_62' title="bbox 1244 1892 2031 1983; baseline 0.019 -29"><span class='ocrx_word' id='word_1_478' title='bbox 1244 1892 1304 1955; x_wconf 74' lang='lat' dir='ltr'>barii,</span> <span class='ocrx_word' id='word_1_479' title='bbox 1318 1903 1425 1969; x_wconf 88' lang='lat' dir='ltr'>mundo,</span> <span class='ocrx_word' id='word_1_480' title='bbox 1442 1914 1469 1958; x_wconf 92' lang='lat' dir='ltr'>et</span> <span class='ocrx_word' id='word_1_481' title='bbox 1491 1906 1606 1975; x_wconf 74' lang='lat' dir='ltr'>Angelis.</span> <span class='ocrx_word' id='word_1_482' title='bbox 1619 1917 1646 1962; x_wconf 87' lang='lat' dir='ltr'>ct</span> <span class='ocrx_word' id='word_1_483' title='bbox 1666 1908 1816 1964; x_wconf 87' lang='lat' dir='ltr'>lvomiuibus</span> <span class='ocrx_word' id='word_1_484' title='bbox 1830 1912 1851 1981; x_wconf 87' lang='lat' dir='ltr'>(l</span> <span class='ocrx_word' id='word_1_485' title='bbox 1863 1912 1921 1967; x_wconf 84' lang='lat' dir='ltr'>Cor.</span> <span class='ocrx_word' id='word_1_486' title='bbox 1936 1930 1969 1977; x_wconf 88' lang='lat' dir='ltr'>tv,</span> <span class='ocrx_word' id='word_1_487' title='bbox 1983 1915 2031 1983; x_wconf 59' lang='lat' dir='ltr'>ab</span> 
     </span>
     <span class='ocr_line' id='line_1_63' title="bbox 1243 1993 2031 2070; baseline 0.016 -25"><span class='ocrx_word' id='word_1_488' title='bbox 1243 1993 1349 2062; x_wconf 71' lang='lat' dir='ltr'>lisigniis</span> <span class='ocrx_word' id='word_1_489' title='bbox 1362 1994 1540 2058; x_wconf 78' lang='lat' dir='ltr'>laudantium,</span> <span class='ocrx_word' id='word_1_490' title='bbox 1553 1997 1703 2054; x_wconf 87' lang='lat' dir='ltr'>lvnnvinilms</span> <span class='ocrx_word' id='word_1_491' title='bbox 1727 2004 1949 2070; x_wconf 87' lang='lat' dir='ltr'>opprobrantibus</span> <span class='ocrx_word' id='word_1_492' title='bbox 1962 2026 1967 2060; x_wconf 96' lang='lat'><strong>:</strong></span> <span class='ocrx_word' id='word_1_493' title='bbox 1979 2007 2031 2061; x_wconf 88' lang='lat' dir='ltr'>ium</span> 
     </span>
     <span class='ocr_line' id='line_1_64' title="bbox 1242 2086 2033 2161; baseline 0.024 -24"><span class='ocrx_word' id='word_1_494' title='bbox 1242 2095 1268 2139; x_wconf 86' lang='lat' dir='ltr'>rt</span> <span class='ocrx_word' id='word_1_495' title='bbox 1279 2086 1385 2156; x_wconf 59' lang='lat' dir='ltr'>clrvgclis</span> <span class='ocrx_word' id='word_1_496' title='bbox 1411 2088 1577 2142; x_wconf 82' lang='lat' dir='ltr'>laudantibus</span> <span class='ocrx_word' id='word_1_497' title='bbox 1590 2100 1617 2144; x_wconf 89' lang='lat' dir='ltr'>et</span> <span class='ocrx_word' id='word_1_498' title='bbox 1633 2092 1854 2161; x_wconf 85' lang='lat' dir='ltr'>vituperantibus,</span> <span class='ocrx_word' id='word_1_499' title='bbox 1870 2105 1896 2150; x_wconf 84' lang='lat' dir='ltr'>ot</span> <span class='ocrx_word' id='word_1_500' title='bbox 1918 2098 2033 2155; x_wconf 47' lang='lat' dir='ltr'>bantini*</span> 
     </span>
     <span class='ocr_line' id='line_1_65' title="bbox 1242 2174 2032 2249; baseline 0.022 -21"><span class='ocrx_word' id='word_1_501' title='bbox 1242 2174 1291 2228; x_wconf 85' lang='lat' dir='ltr'>bns</span> <span class='ocrx_word' id='word_1_502' title='bbox 1304 2177 1472 2233; x_wconf 89' lang='lat' dir='ltr'>latnlantilms</span> <span class='ocrx_word' id='word_1_503' title='bbox 1494 2191 1520 2235; x_wconf 90' lang='lat' dir='ltr'>et</span> <span class='ocrx_word' id='word_1_504' title='bbox 1544 2181 1795 2249; x_wconf 76' lang='lat' dir='ltr'>vituperantibusb</span> <span class='ocrx_word' id='word_1_505' title='bbox 1811 2186 1910 2242; x_wconf 81' lang='lat' dir='ltr'>‹lontris</span> <span class='ocrx_word' id='word_1_506' title='bbox 1923 2200 1949 2244; x_wconf 91' lang='lat' dir='ltr'>et</span> <span class='ocrx_word' id='word_1_507' title='bbox 1966 2193 2032 2247; x_wconf 87' lang='lat' dir='ltr'>asi-</span> 
     </span>
     <span class='ocr_line' id='line_1_66' title="bbox 1243 2271 2030 2352; baseline 0.015 -30"><span class='ocrx_word' id='word_1_508' title='bbox 1243 2271 1333 2352; x_wconf 79' lang='lat' dir='ltr'>rustris</span> <span class='ocrx_word' id='word_1_509' title='bbox 1348 2271 1476 2327; x_wconf 79' lang='lat' dir='ltr'>ltulvcmtrs</span> <span class='ocrx_word' id='word_1_510' title='bbox 1490 2288 1574 2338; x_wconf 89' lang='lat' dir='ltr'>arum,</span> <span class='ocrx_word' id='word_1_511' title='bbox 1587 2274 1612 2327; x_wconf 92' lang='lat' dir='ltr'>in</span> <span class='ocrx_word' id='word_1_512' title='bbox 1634 2275 1729 2345; x_wconf 92' lang='lat' dir='ltr'>quibus</span> <span class='ocrx_word' id='word_1_513' title='bbox 1744 2278 1898 2345; x_wconf 86' lang='lat' dir='ltr'>militamus,</span> <span class='ocrx_word' id='word_1_514' title='bbox 1913 2296 1961 2351; x_wconf 88' lang='lat' dir='ltr'>per</span> <span class='ocrx_word' id='word_1_515' title='bbox 1971 2283 2030 2352; x_wconf 75' lang='lat' dir='ltr'>glo·</span> 
     </span>
     <span class='ocr_line' id='line_1_67' title="bbox 1242 2363 2027 2437; baseline 0.019 -24"><span class='ocrx_word' id='word_1_516' title='bbox 1242 2363 1308 2416; x_wconf 87' lang='lat' dir='ltr'>riam</span> <span class='ocrx_word' id='word_1_517' title='bbox 1323 2373 1349 2418; x_wconf 89' lang='lat' dir='ltr'>et</span> <span class='ocrx_word' id='word_1_518' title='bbox 1363 2364 1563 2433; x_wconf 80' lang='lat' dir='ltr'>ignobilitatem,</span> <span class='ocrx_word' id='word_1_519' title='bbox 1575 2382 1622 2435; x_wconf 87' lang='lat' dir='ltr'>per</span> <span class='ocrx_word' id='word_1_520' title='bbox 1635 2367 1768 2422; x_wconf 78' lang='lat' dir='ltr'>infamiam</span> <span class='ocrx_word' id='word_1_521' title='bbox 1780 2382 1806 2423; x_wconf 87' lang='lat' dir='ltr'>et</span> <span class='ocrx_word' id='word_1_522' title='bbox 1816 2372 1910 2427; x_wconf 85' lang='lat' dir='ltr'>boumn</span> <span class='ocrx_word' id='word_1_523' title='bbox 1921 2376 2027 2437; x_wconf 83' lang='lat' dir='ltr'>l&#39;mrrarn,</span> 
     </span>
     <span class='ocr_line' id='line_1_68' title="bbox 1242 2453 2031 2536; baseline 0.02 -29"><span class='ocrx_word' id='word_1_524' title='bbox 1242 2465 1270 2508; x_wconf 90' lang='lat' dir='ltr'>ut</span> <span class='ocrx_word' id='word_1_525' title='bbox 1281 2453 1433 2509; x_wconf 83' lang='lat' dir='ltr'>seductores</span> <span class='ocrx_word' id='word_1_526' title='bbox 1452 2465 1478 2508; x_wconf 86' lang='lat' dir='ltr'>rt</span> <span class='ocrx_word' id='word_1_527' title='bbox 1491 2471 1598 2511; x_wconf 84' lang='lat' dir='ltr'>veraces</span> <span class='ocrx_word' id='word_1_528' title='bbox 1615 2456 1650 2530; x_wconf 95' lang='lat' dir='ltr'>(ll</span> <span class='ocrx_word' id='word_1_529' title='bbox 1667 2456 1725 2512; x_wconf 83' lang='lat' dir='ltr'>Cor.</span> <span class='ocrx_word' id='word_1_530' title='bbox 1739 2476 1775 2525; x_wconf 86' lang='lat' dir='ltr'>vt,</span> <span class='ocrx_word' id='word_1_531' title='bbox 1793 2462 1818 2527; x_wconf 86' lang='lat'>7,</span> <span class='ocrx_word' id='word_1_532' title='bbox 1834 2463 1871 2534; x_wconf 90' lang='grc'>8).</span> <span class='ocrx_word' id='word_1_533' title='bbox 1888 2463 1948 2520; x_wconf 66' lang='lat' dir='ltr'>llere</span> <span class='ocrx_word' id='word_1_534' title='bbox 1962 2468 2031 2536; x_wconf 91' lang='lat' dir='ltr'>apud</span> 
     </span>
     <span class='ocr_line' id='line_1_69' title="bbox 1242 2547 2031 2629; baseline 0.018 -29"><span class='ocrx_word' id='word_1_535' title='bbox 1242 2547 1368 2617; x_wconf 80' lang='lat' dir='ltr'>Angelos,</span> <span class='ocrx_word' id='word_1_536' title='bbox 1388 2547 1444 2602; x_wconf 74' lang='lat' dir='ltr'>broc</span> <span class='ocrx_word' id='word_1_537' title='bbox 1457 2548 1525 2618; x_wconf 90' lang='lat' dir='ltr'>apud</span> <span class='ocrx_word' id='word_1_538' title='bbox 1544 2549 1665 2605; x_wconf 83' lang='lat' dir='ltr'>hominos</span> <span class='ocrx_word' id='word_1_539' title='bbox 1680 2570 1686 2604; x_wconf 92' lang='lat'>:</span> <span class='ocrx_word' id='word_1_540' title='bbox 1700 2554 1760 2622; x_wconf 90' lang='lat' dir='ltr'>quia</span> <span class='ocrx_word' id='word_1_541' title='bbox 1778 2564 1804 2607; x_wconf 92' lang='lat' dir='ltr'>ct</span> <span class='ocrx_word' id='word_1_542' title='bbox 1823 2556 1892 2625; x_wconf 89' lang='lat' dir='ltr'>apud</span> <span class='ocrx_word' id='word_1_543' title='bbox 1916 2560 2031 2629; x_wconf 77' lang='lat' dir='ltr'>Angelos</span> 
     </span>
     <span class='ocr_line' id='line_1_70' title="bbox 1242 2642 2029 2717; baseline 0.02 -26"><span class='ocrx_word' id='word_1_544' title='bbox 1242 2649 1303 2693; x_wconf 86' lang='lat' dir='ltr'>sunt</span> <span class='ocrx_word' id='word_1_545' title='bbox 1316 2642 1398 2693; x_wconf 82' lang='lat' dir='ltr'>samu</span> <span class='ocrx_word' id='word_1_546' title='bbox 1413 2643 1515 2710; x_wconf 78' lang='lat' dir='ltr'>drigeli,</span> <span class='ocrx_word' id='word_1_547' title='bbox 1531 2643 1625 2712; x_wconf 84' lang='lat' dir='ltr'>qnilms</span> <span class='ocrx_word' id='word_1_548' title='bbox 1644 2646 1711 2699; x_wconf 81' lang='lat' dir='ltr'>bene</span> <span class='ocrx_word' id='word_1_549' title='bbox 1729 2646 1841 2701; x_wconf 89' lang='lat' dir='ltr'>vivendo</span> <span class='ocrx_word' id='word_1_550' title='bbox 1861 2650 2029 2717; x_wconf 82' lang='lat' dir='ltr'>placeamus:</span> 
     </span>
     <span class='ocr_line' id='line_1_71' title="bbox 1242 2734 2031 2806; baseline 0.014 -20"><span class='ocrx_word' id='word_1_551' title='bbox 1242 2741 1270 2786; x_wconf 90' lang='lat' dir='ltr'>et</span> <span class='ocrx_word' id='word_1_552' title='bbox 1282 2744 1341 2786; x_wconf 89' lang='lat' dir='ltr'>sum</span> <span class='ocrx_word' id='word_1_553' title='bbox 1356 2734 1571 2801; x_wconf 72' lang='lat' dir='ltr'>praevaricatores</span> <span class='ocrx_word' id='word_1_554' title='bbox 1595 2735 1680 2806; x_wconf 77' lang='lat' dir='ltr'>angeli</span> <span class='ocrx_word' id='word_1_555' title='bbox 1692 2777 1699 2799; x_wconf 97' lang='lat'>,</span> <span class='ocrx_word' id='word_1_556' title='bbox 1713 2738 1809 2806; x_wconf 92' lang='lat' dir='ltr'>quibus</span> <span class='ocrx_word' id='word_1_557' title='bbox 1830 2740 1897 2795; x_wconf 90' lang='lat' dir='ltr'>bene</span> <span class='ocrx_word' id='word_1_558' title='bbox 1918 2742 2031 2798; x_wconf 75' lang='lat' dir='ltr'>vivendo</span> 
     </span>
     <span class='ocr_line' id='line_1_72' title="bbox 1242 2823 2032 2905; baseline 0.015 -27"><span class='ocrx_word' id='word_1_559' title='bbox 1242 2823 1428 2894; x_wconf 79' lang='lat' dir='ltr'>displiceamus</span> <span class='ocrx_word' id='word_1_560' title='bbox 1444 2835 1489 2880; x_wconf 88' lang='lat' dir='ltr'>:ct</span> <span class='ocrx_word' id='word_1_561' title='bbox 1504 2826 1571 2881; x_wconf 90' lang='lat' dir='ltr'>inter</span> <span class='ocrx_word' id='word_1_562' title='bbox 1586 2826 1707 2883; x_wconf 86' lang='lat' dir='ltr'>bomines</span> <span class='ocrx_word' id='word_1_563' title='bbox 1721 2838 1782 2884; x_wconf 89' lang='lat' dir='ltr'>sunt</span> <span class='ocrx_word' id='word_1_564' title='bbox 1803 2832 1886 2886; x_wconf 89' lang='lat' dir='ltr'>sancti</span> <span class='ocrx_word' id='word_1_565' title='bbox 1899 2834 1956 2897; x_wconf 86' lang='lat' dir='ltr'>riri,</span> <span class='ocrx_word' id='word_1_566' title='bbox 1970 2837 2032 2905; x_wconf 85' lang='lat' dir='ltr'>qui-</span> 
     </span>
     <span class='ocr_line' id='line_1_73' title="bbox 1242 2915 2031 2995; baseline 0.013 -24"><span class='ocrx_word' id='word_1_567' title='bbox 1242 2915 1292 2971; x_wconf 86' lang='lat' dir='ltr'>bus</span> <span class='ocrx_word' id='word_1_568' title='bbox 1308 2917 1409 2987; x_wconf 87' lang='lat' dir='ltr'>placeat</span> <span class='ocrx_word' id='word_1_569' title='bbox 1420 2918 1472 2971; x_wconf 90' lang='lat' dir='ltr'>vita</span> <span class='ocrx_word' id='word_1_570' title='bbox 1484 2930 1571 2972; x_wconf 88' lang='lat' dir='ltr'>nostra</span> <span class='ocrx_word' id='word_1_571' title='bbox 1581 2938 1588 2983; x_wconf 90' lang='lat'>;</span> <span class='ocrx_word' id='word_1_572' title='bbox 1600 2930 1662 2972; x_wconf 90' lang='lat' dir='ltr'>smrt</span> <span class='ocrx_word' id='word_1_573' title='bbox 1677 2921 1831 2989; x_wconf 78' lang='lat' dir='ltr'>nequissimi</span> <span class='ocrx_word' id='word_1_574' title='bbox 1845 2923 2031 2995; x_wconf 78' lang='lat' dir='ltr'>lroruines,qui</span> 
     </span>
     <span class='ocr_line' id='line_1_74' title="bbox 1243 3009 2029 3086; baseline 0.013 -23"><span class='ocrx_word' id='word_1_575' title='bbox 1243 3009 1370 3064; x_wconf 80' lang='lat' dir='ltr'>irrideant</span> <span class='ocrx_word' id='word_1_576' title='bbox 1384 3010 1478 3064; x_wconf 91' lang='lat' dir='ltr'>borram</span> <span class='ocrx_word' id='word_1_577' title='bbox 1494 3015 1573 3065; x_wconf 87' lang='lat' dir='ltr'>vitam</span> <span class='ocrx_word' id='word_1_578' title='bbox 1588 3022 1715 3068; x_wconf 87' lang='lat' dir='ltr'>nostram.</span> <span class='ocrx_word' id='word_1_579' title='bbox 1732 3013 1765 3067; x_wconf 82' lang='lat' dir='ltr'>m</span> <span class='ocrx_word' id='word_1_580' title='bbox 1780 3013 1855 3071; x_wconf 74' lang='grc' dir='ltr'>ιιεε1</span> <span class='ocrx_word' id='word_1_581' title='bbox 1870 3032 1942 3071; x_wconf 89' lang='lat' dir='ltr'>arma</span> <span class='ocrx_word' id='word_1_582' title='bbox 1957 3029 2029 3086; x_wconf 89' lang='lat' dir='ltr'>sunt,</span> 
     </span>
     <span class='ocr_line' id='line_1_75' title="bbox 1243 3098 2029 3173; baseline 0.019 -22"><span class='ocrx_word' id='word_1_583' title='bbox 1243 3099 1285 3152; x_wconf 90' lang='lat' dir='ltr'>illa</span> <span class='ocrx_word' id='word_1_584' title='bbox 1298 3098 1390 3154; x_wconf 81' lang='lat' dir='ltr'>daura</span> <span class='ocrx_word' id='word_1_585' title='bbox 1403 3143 1410 3166; x_wconf 96' lang='lat'>,</span> <span class='ocrx_word' id='word_1_586' title='bbox 1423 3101 1466 3155; x_wconf 89' lang='lat' dir='ltr'>illa</span> <span class='ocrx_word' id='word_1_587' title='bbox 1486 3101 1592 3156; x_wconf 85' lang='lat' dir='ltr'>sinistra</span> <span class='ocrx_word' id='word_1_588' title='bbox 1606 3119 1613 3168; x_wconf 91' lang='lat'>;</span> <span class='ocrx_word' id='word_1_589' title='bbox 1629 3112 1738 3173; x_wconf 91' lang='lat' dir='ltr'>utraque</span> <span class='ocrx_word' id='word_1_590' title='bbox 1753 3114 1839 3160; x_wconf 87' lang='lat' dir='ltr'>tamen</span> <span class='ocrx_word' id='word_1_591' title='bbox 1858 3123 1931 3163; x_wconf 81' lang='lat' dir='ltr'>arnna</span> <span class='ocrx_word' id='word_1_592' title='bbox 1944 3121 2006 3165; x_wconf 88' lang='lat' dir='ltr'>sunt</span> <span class='ocrx_word' id='word_1_593' title='bbox 2021 3130 2029 3168; x_wconf 78' lang='lat' dir='ltr'><strong><em>z</em></strong></span> 
     </span>
     <span class='ocr_line' id='line_1_76' title="bbox 1242 3192 2030 3265; baseline 0.016 -21"><span class='ocrx_word' id='word_1_594' title='bbox 1242 3192 1361 3262; x_wconf 78' lang='lat' dir='ltr'>uni-que</span> <span class='ocrx_word' id='word_1_595' title='bbox 1375 3193 1467 3258; x_wconf 87' lang='lat' dir='ltr'>armis,</span> <span class='ocrx_word' id='word_1_596' title='bbox 1483 3202 1510 3248; x_wconf 88' lang='lat' dir='ltr'>et</span> <span class='ocrx_word' id='word_1_597' title='bbox 1519 3193 1619 3248; x_wconf 78' lang='lat' dir='ltr'>dextris</span> <span class='ocrx_word' id='word_1_598' title='bbox 1634 3204 1660 3247; x_wconf 86' lang='lat' dir='ltr'>et</span> <span class='ocrx_word' id='word_1_599' title='bbox 1671 3195 1785 3250; x_wconf 90' lang='lat' dir='ltr'>sinistris</span> <span class='ocrx_word' id='word_1_600' title='bbox 1799 3206 1868 3265; x_wconf 90' lang='lat' dir='ltr'>utor,</span> <span class='ocrx_word' id='word_1_601' title='bbox 1878 3209 1904 3254; x_wconf 87' lang='lat' dir='ltr'>et</span> <span class='ocrx_word' id='word_1_602' title='bbox 1918 3200 2030 3257; x_wconf 90' lang='lat' dir='ltr'>laudan·</span> 
     </span>
     <span class='ocr_line' id='line_1_77' title="bbox 1242 3281 2033 3352; baseline 0.019 -16"><span class='ocrx_word' id='word_1_603' title='bbox 1242 3281 1312 3336; x_wconf 88' lang='lat' dir='ltr'>tibus</span> <span class='ocrx_word' id='word_1_604' title='bbox 1326 3293 1352 3336; x_wconf 89' lang='lat' dir='ltr'>et</span> <span class='ocrx_word' id='word_1_605' title='bbox 1371 3283 1597 3352; x_wconf 69' lang='lat' dir='ltr'>numerantibus,</span> <span class='ocrx_word' id='word_1_606' title='bbox 1615 3294 1641 3340; x_wconf 90' lang='grc' dir='ltr'>ει</span> <span class='ocrx_word' id='word_1_607' title='bbox 1662 3285 1790 3341; x_wconf 87' lang='lat' dir='ltr'>bonorem</span> <span class='ocrx_word' id='word_1_608' title='bbox 1812 3287 1991 3347; x_wconf 76' lang='lat' dir='ltr'>deserentibus</span> <span class='ocrx_word' id='word_1_609' title='bbox 2005 3304 2033 3351; x_wconf 83' lang='lat' dir='ltr'>et</span> 
     </span>
     <span class='ocr_line' id='line_1_78' title="bbox 1243 3371 2038 3448; baseline 0.016 -24"><span class='ocrx_word' id='word_1_610' title='bbox 1243 3371 1413 3441; x_wconf 75' lang='lat' dir='ltr'>ignonimiam</span> <span class='ocrx_word' id='word_1_611' title='bbox 1428 3373 1605 3443; x_wconf 77' lang='lat' dir='ltr'>irrogantibus</span> <span class='ocrx_word' id='word_1_612' title='bbox 1621 3392 1628 3429; x_wconf 76' lang='grc' dir='ltr'>ε</span> <span class='ocrx_word' id='word_1_613' title='bbox 1645 3374 1723 3430; x_wconf 83' lang='grc' dir='ltr'>ἰιιἸιὶε</span> <span class='ocrx_word' id='word_1_614' title='bbox 1734 3377 1852 3448; x_wconf 92' lang='lat' dir='ltr'>utrisque</span> <span class='ocrx_word' id='word_1_615' title='bbox 1869 3378 1951 3436; x_wconf 89' lang='lat' dir='ltr'>arniis</span> <span class='ocrx_word' id='word_1_616' title='bbox 1963 3385 2038 3439; x_wconf 88' lang='lat' dir='ltr'>con-&#39;</span> 
     </span>
     <span class='ocr_line' id='line_1_79' title="bbox 1242 3463 2031 3545; baseline 0.016 -27"><span class='ocrx_word' id='word_1_617' title='bbox 1242 3463 1304 3536; x_wconf 79' lang='lat' dir='ltr'>bigo</span> <span class='ocrx_word' id='word_1_618' title='bbox 1318 3480 1379 3520; x_wconf 90' lang='lat' dir='ltr'>cum</span> <span class='ocrx_word' id='word_1_619' title='bbox 1403 3465 1523 3531; x_wconf 91' lang='lat' dir='ltr'>diabolo,</span> <span class='ocrx_word' id='word_1_620' title='bbox 1549 3467 1667 3537; x_wconf 87' lang='lat' dir='ltr'>utrisque</span> <span class='ocrx_word' id='word_1_621' title='bbox 1680 3483 1740 3523; x_wconf 92' lang='lat' dir='ltr'>cum</span> <span class='ocrx_word' id='word_1_622' title='bbox 1754 3469 1833 3526; x_wconf 85' lang='lat' dir='ltr'>serio:</span> <span class='ocrx_word' id='word_1_623' title='bbox 1855 3477 2031 3545; x_wconf 62' lang='lat' dir='ltr'>prosperide-t</span> 
     </span>
     <span class='ocr_line' id='line_1_80' title="bbox 1243 3556 1852 3632; baseline 0.011 -23"><span class='ocrx_word' id='word_1_624' title='bbox 1243 3570 1296 3610; x_wconf 91' lang='lat' dir='ltr'>nnn</span> <span class='ocrx_word' id='word_1_625' title='bbox 1307 3571 1462 3625; x_wconf 88' lang='lat' dir='ltr'>corrumpor</span> <span class='ocrx_word' id='word_1_626' title='bbox 1474 3573 1480 3618; x_wconf 89' lang='grc'>;</span> <span class='ocrx_word' id='word_1_627' title='bbox 1494 3556 1620 3623; x_wconf 86' lang='lat' dir='ltr'>adversis,</span> <span class='ocrx_word' id='word_1_628' title='bbox 1636 3558 1657 3612; x_wconf 92' lang='lat' dir='ltr'>si</span> <span class='ocrx_word' id='word_1_629' title='bbox 1673 3573 1723 3613; x_wconf 81' lang='lat' dir='ltr'>non</span> <span class='ocrx_word' id='word_1_630' title='bbox 1736 3559 1852 3632; x_wconf 78' lang='lat' dir='ltr'>frangor.</span> 
     </span>
    </p>

    <p class='ocr_par' dir='ltr' id='par_1_9' title="bbox 1242 3646 2033 4922">
     <span class='ocr_line' id='line_1_81' title="bbox 1278 3646 2031 3732; baseline 0.015 -31"><span class='ocrx_word' id='word_1_631' title='bbox 1278 3647 1321 3701; x_wconf 83' lang='lat' dir='ltr'>lo.</span> <span class='ocrx_word' id='word_1_632' title='bbox 1336 3646 1409 3732; x_wconf 79' lang='lat' dir='ltr'>[cers.</span> <span class='ocrx_word' id='word_1_633' title='bbox 1425 3649 1465 3705; x_wconf 83' lang='lat' dir='ltr'>lb.</span> <span class='ocrx_word' id='word_1_634' title='bbox 1486 3650 1511 3702; x_wconf 95' lang='lat' dir='ltr'>ll</span> <span class='ocrx_word' id='word_1_635' title='bbox 1529 3647 1538 3719; x_wconf 87' lang='lat'>]</span> <span class='ocrx_word' id='word_1_636' title='bbox 1554 3648 1652 3702; x_wconf 84' lang='lat' dir='ltr'>Dedisti</span> <span class='ocrx_word' id='word_1_637' title='bbox 1661 3667 1725 3721; x_wconf 77' lang='lat' dir='ltr'>crgo</span> <span class='ocrx_word' id='word_1_638' title='bbox 1739 3669 1776 3704; x_wconf 88' lang='lat' dir='ltr'>vne</span> <span class='ocrx_word' id='word_1_639' title='bbox 1791 3654 1950 3724; x_wconf 84' lang='lat' dir='ltr'>opprobrium</span> <span class='ocrx_word' id='word_1_640' title='bbox 1968 3659 2031 3712; x_wconf 79' lang='lat' dir='ltr'>irrui-</span> 
     </span>
     <span class='ocr_line' id='line_1_82' title="bbox 1243 3738 2032 3812; baseline 0.008 -17"><span class='ocrx_word' id='word_1_641' title='bbox 1243 3742 1329 3812; x_wconf 88' lang='lat' dir='ltr'>pienti.</span> <span class='ocrx_word' id='word_1_642' title='bbox 1346 3738 1483 3804; x_wconf 86' lang='lat' dir='ltr'>Obsurdui,</span> <span class='ocrx_word' id='word_1_643' title='bbox 1499 3752 1521 3794; x_wconf 86' lang='lat' dir='ltr'>et</span> <span class='ocrx_word' id='word_1_644' title='bbox 1544 3758 1593 3795; x_wconf 92' lang='lat' dir='ltr'>non</span> <span class='ocrx_word' id='word_1_645' title='bbox 1612 3745 1700 3811; x_wconf 88' lang='lat' dir='ltr'>opcmi</span> <span class='ocrx_word' id='word_1_646' title='bbox 1713 3761 1741 3798; x_wconf 93' lang='lat' dir='ltr'>os</span> <span class='ocrx_word' id='word_1_647' title='bbox 1756 3762 1847 3799; x_wconf 80' lang='lat' dir='ltr'>arreum</span> <span class='ocrx_word' id='word_1_648' title='bbox 1868 3746 1921 3802; x_wconf 86' lang='lat' dir='ltr'>Sed</span> <span class='ocrx_word' id='word_1_649' title='bbox 1940 3762 2032 3803; x_wconf 81' lang='lat' dir='ltr'>etvutva</span> 
     </span>
     <span class='ocr_line' id='line_1_83' title="bbox 1243 3832 2031 3905; baseline 0.008 -17"><span class='ocrx_word' id='word_1_650' title='bbox 1243 3834 1410 3903; x_wconf 88' lang='lat' dir='ltr'>insipientem</span> <span class='ocrx_word' id='word_1_651' title='bbox 1426 3832 1554 3898; x_wconf 83' lang='lat' dir='ltr'>obstrrdui,</span> <span class='ocrx_word' id='word_1_652' title='bbox 1565 3843 1587 3887; x_wconf 89' lang='lat' dir='ltr'>et</span> <span class='ocrx_word' id='word_1_653' title='bbox 1598 3851 1647 3888; x_wconf 90' lang='lat' dir='ltr'>non</span> <span class='ocrx_word' id='word_1_654' title='bbox 1659 3836 1746 3905; x_wconf 82' lang='lat' dir='ltr'>operari</span> <span class='ocrx_word' id='word_1_655' title='bbox 1758 3853 1785 3891; x_wconf 93' lang='lat' dir='ltr'>os</span> <span class='ocrx_word' id='word_1_656' title='bbox 1798 3853 1887 3890; x_wconf 80' lang='lat' dir='ltr'>atreum.</span> <span class='ocrx_word' id='word_1_657' title='bbox 1899 3837 1946 3893; x_wconf 85' lang='lat' dir='ltr'>Cni</span> <span class='ocrx_word' id='word_1_658' title='bbox 1961 3841 2031 3894; x_wconf 90' lang='lat' dir='ltr'>enirn</span> 
     </span>
     <span class='ocr_line' id='line_1_84' title="bbox 1242 3924 2029 4000; baseline 0.005 -21"><span class='ocrx_word' id='word_1_659' title='bbox 1242 3924 1358 3980; x_wconf 81' lang='lat' dir='ltr'>dicerem</span> <span class='ocrx_word' id='word_1_660' title='bbox 1372 3925 1441 3993; x_wconf 89' lang='lat' dir='ltr'>quml</span> <span class='ocrx_word' id='word_1_661' title='bbox 1453 3926 1538 3994; x_wconf 77' lang='lat' dir='ltr'>agitur</span> <span class='ocrx_word' id='word_1_662' title='bbox 1549 3926 1574 3977; x_wconf 92' lang='lat' dir='ltr'>iu</span> <span class='ocrx_word' id='word_1_663' title='bbox 1591 3927 1651 3979; x_wconf 80' lang='lat' dir='ltr'>mei</span> <span class='ocrx_word' id='word_1_664' title='bbox 1661 3926 1771 3980; x_wconf 77' lang='lat' dir='ltr'>Audiam</span> <span class='ocrx_word' id='word_1_665' title='bbox 1782 3928 1851 3982; x_wconf 91' lang='lat' dir='ltr'>enim</span> <span class='ocrx_word' id='word_1_666' title='bbox 1865 3929 1927 3997; x_wconf 91' lang='lat' dir='ltr'>quid</span> <span class='ocrx_word' id='word_1_667' title='bbox 1938 3930 2029 4000; x_wconf 83' lang='lat' dir='ltr'>loqua-</span> 
     </span>
     <span class='ocr_line' id='line_1_85' title="bbox 1243 4017 2030 4091; baseline 0.01 -22"><span class='ocrx_word' id='word_1_668' title='bbox 1243 4026 1286 4072; x_wconf 90' lang='lat' dir='ltr'>tur</span> <span class='ocrx_word' id='word_1_669' title='bbox 1301 4018 1326 4072; x_wconf 93' lang='lat' dir='ltr'>in</span> <span class='ocrx_word' id='word_1_670' title='bbox 1348 4032 1391 4072; x_wconf 88' lang='lat' dir='ltr'>me</span> <span class='ocrx_word' id='word_1_671' title='bbox 1412 4017 1539 4071; x_wconf 88' lang='lat' dir='ltr'>Dominus</span> <span class='ocrx_word' id='word_1_672' title='bbox 1564 4018 1779 4088; x_wconf 87' lang='lat' dir='ltr'>Deus,qnouiam</span> <span class='ocrx_word' id='word_1_673' title='bbox 1802 4020 1923 4089; x_wconf 88' lang='lat' dir='ltr'>loquetur</span> <span class='ocrx_word' id='word_1_674' title='bbox 1940 4025 2030 4091; x_wconf 84' lang='lat' dir='ltr'>parom</span> 
     </span>
     <span class='ocr_line' id='line_1_86' title="bbox 1242 4109 2030 4185; baseline 0.006 -21"><span class='ocrx_word' id='word_1_675' title='bbox 1242 4111 1341 4180; x_wconf 89' lang='lat' dir='ltr'>populo</span> <span class='ocrx_word' id='word_1_676' title='bbox 1352 4124 1400 4165; x_wconf 90' lang='lat' dir='ltr'>suo</span> <span class='ocrx_word' id='word_1_677' title='bbox 1414 4109 1502 4180; x_wconf 81' lang='lat' dir='ltr'>(Psoi.</span> <span class='ocrx_word' id='word_1_678' title='bbox 1512 4125 1617 4173; x_wconf 81' lang='lat' dir='ltr'>txxxrv,</span> <span class='ocrx_word' id='word_1_679' title='bbox 1629 4110 1657 4181; x_wconf 87' lang='grc'>9)</span> <span class='ocrx_word' id='word_1_680' title='bbox 1671 4129 1676 4163; x_wconf 76' lang='lat' dir='ltr'>e</span> <span class='ocrx_word' id='word_1_681' title='bbox 1692 4110 1738 4165; x_wconf 85' lang='lat' dir='ltr'>sod</span> <span class='ocrx_word' id='word_1_682' title='bbox 1752 4127 1801 4165; x_wconf 90' lang='lat' dir='ltr'>non</span> <span class='ocrx_word' id='word_1_683' title='bbox 1815 4122 1850 4167; x_wconf 86' lang='lat' dir='ltr'>est</span> <span class='ocrx_word' id='word_1_684' title='bbox 1865 4130 1917 4184; x_wconf 83' lang='lat' dir='ltr'>pos</span> <span class='ocrx_word' id='word_1_685' title='bbox 1935 4115 2030 4185; x_wconf 83' lang='lat' dir='ltr'>impiis,</span> 
     </span>
     <span class='ocr_line' id='line_1_87' title="bbox 1242 4199 2032 4277; baseline 0.006 -20"><span class='ocrx_word' id='word_1_686' title='bbox 1242 4202 1307 4257; x_wconf 88' lang='lat' dir='ltr'>dicit</span> <span class='ocrx_word' id='word_1_687' title='bbox 1319 4201 1527 4272; x_wconf 75' lang='lat' dir='ltr'>Dominusiisoi.</span> <span class='ocrx_word' id='word_1_688' title='bbox 1539 4217 1629 4265; x_wconf 80' lang='lat' dir='ltr'>xnvrn,</span> <span class='ocrx_word' id='word_1_689' title='bbox 1641 4199 1697 4273; x_wconf 74' lang='lat' dir='ltr'>ab).</span> <span class='ocrx_word' id='word_1_690' title='bbox 1707 4200 1834 4258; x_wconf 86' lang='lat' dir='ltr'>Dbsurdui</span> <span class='ocrx_word' id='word_1_691' title='bbox 1847 4214 1871 4258; x_wconf 85' lang='lat' dir='ltr'>et</span> <span class='ocrx_word' id='word_1_692' title='bbox 1881 4222 1930 4260; x_wconf 90' lang='lat' dir='ltr'>non</span> <span class='ocrx_word' id='word_1_693' title='bbox 1944 4209 2032 4277; x_wconf 75' lang='lat' dir='ltr'>opo&#39;ui</span> 
     </span>
     <span class='ocr_line' id='line_1_88' title="bbox 1243 4294 2033 4377; baseline 0.003 -26"><span class='ocrx_word' id='word_1_694' title='bbox 1243 4313 1271 4351; x_wconf 93' lang='lat' dir='ltr'>os</span> <span class='ocrx_word' id='word_1_695' title='bbox 1280 4312 1371 4350; x_wconf 81' lang='lat' dir='ltr'>nietam.</span> <span class='ocrx_word' id='word_1_696' title='bbox 1380 4295 1504 4362; x_wconf 83' lang='lat' dir='ltr'>Quoniam</span> <span class='ocrx_word' id='word_1_697' title='bbox 1517 4304 1543 4347; x_wconf 90' lang='lat' dir='ltr'>tu</span> <span class='ocrx_word' id='word_1_698' title='bbox 1557 4311 1583 4347; x_wconf 91' lang='lat' dir='ltr'>es</span> <span class='ocrx_word' id='word_1_699' title='bbox 1593 4294 1634 4364; x_wconf 88' lang='lat' dir='ltr'>qui</span> <span class='ocrx_word' id='word_1_700' title='bbox 1642 4295 1720 4364; x_wconf 70' lang='lat' dir='ltr'>fecisti</span> <span class='ocrx_word' id='word_1_701' title='bbox 1731 4313 1780 4349; x_wconf 88' lang='lat' dir='ltr'>nte.</span> <span class='ocrx_word' id='word_1_702' title='bbox 1789 4295 1851 4377; x_wconf 74' lang='lat' dir='ltr'>ideo</span> <span class='ocrx_word' id='word_1_703' title='bbox 1866 4303 2033 4370; x_wconf 85' lang='lat' dir='ltr'>nonnperui·</span> 
     </span>
     <span class='ocr_line' id='line_1_89' title="bbox 1243 4386 2032 4458; baseline 0.004 -15"><span class='ocrx_word' id='word_1_704' title='bbox 1243 4390 1276 4443; x_wconf 90' lang='lat' dir='ltr'>sti</span> <span class='ocrx_word' id='word_1_705' title='bbox 1290 4404 1320 4443; x_wconf 91' lang='lat' dir='ltr'>os</span> <span class='ocrx_word' id='word_1_706' title='bbox 1335 4397 1418 4451; x_wconf 87' lang='lat' dir='ltr'>tunm,</span> <span class='ocrx_word' id='word_1_707' title='bbox 1432 4387 1492 4458; x_wconf 90' lang='lat' dir='ltr'>quia</span> <span class='ocrx_word' id='word_1_708' title='bbox 1506 4388 1574 4441; x_wconf 88' lang='lat' dir='ltr'>Dens</span> <span class='ocrx_word' id='word_1_709' title='bbox 1588 4386 1686 4455; x_wconf 91' lang='lat' dir='ltr'>estqui</span> <span class='ocrx_word' id='word_1_710' title='bbox 1700 4387 1763 4442; x_wconf 86' lang='lat' dir='ltr'>lecit</span> <span class='ocrx_word' id='word_1_711' title='bbox 1775 4389 1817 4441; x_wconf 88' lang='lat' dir='ltr'>te?</span> <span class='ocrx_word' id='word_1_712' title='bbox 1829 4388 1921 4443; x_wconf 88' lang='lat' dir='ltr'>blirum</span> <span class='ocrx_word' id='word_1_713' title='bbox 1937 4400 1986 4445; x_wconf 88' lang='lat' dir='ltr'>est.</span> <span class='ocrx_word' id='word_1_714' title='bbox 1995 4392 2032 4446; x_wconf 82' lang='lat' dir='ltr'>lis</span> 
     </span>
     <span class='ocr_line' id='line_1_90' title="bbox 1243 4477 2032 4551; baseline 0.001 -16"><span class='ocrx_word' id='word_1_715' title='bbox 1243 4482 1313 4536; x_wconf 85' lang='lat' dir='ltr'>enim</span> <span class='ocrx_word' id='word_1_716' title='bbox 1328 4480 1375 4535; x_wconf 87' lang='lat' dir='ltr'>tibi</span> <span class='ocrx_word' id='word_1_717' title='bbox 1386 4482 1454 4534; x_wconf 89' lang='lat' dir='ltr'>Deus</span> <span class='ocrx_word' id='word_1_718' title='bbox 1470 4495 1520 4532; x_wconf 90' lang='lat' dir='ltr'>non</span> <span class='ocrx_word' id='word_1_719' title='bbox 1536 4477 1598 4533; x_wconf 82' lang='lat' dir='ltr'>iecit</span> <span class='ocrx_word' id='word_1_720' title='bbox 1611 4477 1644 4531; x_wconf 91' lang='lat' dir='ltr'>ad</span> <span class='ocrx_word' id='word_1_721' title='bbox 1660 4478 1841 4548; x_wconf 85' lang='lat' dir='ltr'>loquendum?</span> <span class='ocrx_word' id='word_1_722' title='bbox 1854 4480 1904 4548; x_wconf 88' lang='lat' dir='ltr'>Qui</span> <span class='ocrx_word' id='word_1_723' title='bbox 1926 4482 2032 4551; x_wconf 87' lang='lat' dir='ltr'>plauta-</span> 
     </span>
     <span class='ocr_line' id='line_1_91' title="bbox 1242 4568 2032 4639; baseline 0.001 -11"><span class='ocrx_word' id='word_1_724' title='bbox 1242 4575 1280 4628; x_wconf 92' lang='lat' dir='ltr'>vit</span> <span class='ocrx_word' id='word_1_725' title='bbox 1292 4588 1394 4637; x_wconf 88' lang='lat' dir='ltr'>aurem,</span> <span class='ocrx_word' id='word_1_726' title='bbox 1409 4586 1461 4625; x_wconf 93' lang='lat' dir='ltr'>non</span> <span class='ocrx_word' id='word_1_727' title='bbox 1483 4569 1576 4625; x_wconf 85' lang='lat' dir='ltr'>audit?</span> <span class='ocrx_word' id='word_1_728' title='bbox 1598 4570 1641 4639; x_wconf 92' lang='lat' dir='ltr'>qui</span> <span class='ocrx_word' id='word_1_729' title='bbox 1657 4568 1731 4624; x_wconf 77' lang='lat' dir='ltr'>linxit</span> <span class='ocrx_word' id='word_1_730' title='bbox 1750 4572 1855 4625; x_wconf 86' lang='lat' dir='ltr'>oottlum</span> <span class='ocrx_word' id='word_1_731' title='bbox 1867 4615 1874 4636; x_wconf 91' lang='lat'>,</span> <span class='ocrx_word' id='word_1_732' title='bbox 1888 4587 1940 4627; x_wconf 93' lang='lat' dir='ltr'>non</span> <span class='ocrx_word' id='word_1_733' title='bbox 1962 4575 2032 4629; x_wconf 86' lang='lat' dir='ltr'>videt</span> 
     </span>
     <span class='ocr_line' id='line_1_92' title="bbox 1244 4651 2031 4738; baseline 0.003 -19"><span class='ocrx_word' id='word_1_734' title='bbox 1244 4666 1329 4738; x_wconf 73' lang='lat' dir='ltr'>(Psoi</span> <span class='ocrx_word' id='word_1_735' title='bbox 1346 4679 1417 4727; x_wconf 81' lang='lat' dir='ltr'>notit,</span> <span class='ocrx_word' id='word_1_736' title='bbox 1431 4662 1479 4732; x_wconf 77' lang='lat' dir='ltr'>til?</span> <span class='ocrx_word' id='word_1_737' title='bbox 1494 4651 1529 4716; x_wconf 87' lang='grc' dir='ltr'>Οε</span> <span class='ocrx_word' id='word_1_738' title='bbox 1542 4662 1588 4716; x_wconf 91' lang='lat' dir='ltr'>tibi</span> <span class='ocrx_word' id='word_1_739' title='bbox 1603 4663 1672 4716; x_wconf 91' lang='lat' dir='ltr'>Deus</span> <span class='ocrx_word' id='word_1_740' title='bbox 1684 4662 1716 4716; x_wconf 91' lang='lat' dir='ltr'>ad</span> <span class='ocrx_word' id='word_1_741' title='bbox 1730 4663 1888 4733; x_wconf 90' lang='lat' dir='ltr'>loquendum</span> <span class='ocrx_word' id='word_1_742' title='bbox 1903 4665 1993 4720; x_wconf 88' lang='lat' dir='ltr'>dedit:</span> <span class='ocrx_word' id='word_1_743' title='bbox 2006 4678 2031 4721; x_wconf 85' lang='lat' dir='ltr'>et</span> 
     </span>
     <span class='ocr_line' id='line_1_93' title="bbox 1243 4757 2031 4838; baseline 0.004 -27"><span class='ocrx_word' id='word_1_744' title='bbox 1243 4759 1319 4824; x_wconf 81' lang='lat' dir='ltr'>dieis,</span> <span class='ocrx_word' id='word_1_745' title='bbox 1333 4757 1469 4820; x_wconf 77' lang='lat' dir='ltr'>obsurdui,</span> <span class='ocrx_word' id='word_1_746' title='bbox 1487 4767 1509 4809; x_wconf 91' lang='lat' dir='ltr'>ct</span> <span class='ocrx_word' id='word_1_747' title='bbox 1523 4773 1574 4808; x_wconf 90' lang='lat' dir='ltr'>non</span> <span class='ocrx_word' id='word_1_748' title='bbox 1585 4757 1672 4826; x_wconf 83' lang='lat' dir='ltr'>operui</span> <span class='ocrx_word' id='word_1_749' title='bbox 1684 4773 1711 4809; x_wconf 90' lang='lat' dir='ltr'>os</span> <span class='ocrx_word' id='word_1_750' title='bbox 1723 4774 1803 4810; x_wconf 84' lang='lat' dir='ltr'>tvtcton</span> <span class='ocrx_word' id='word_1_751' title='bbox 1816 4775 1824 4810; x_wconf 95' lang='lat'><em>:</em></span> <span class='ocrx_word' id='word_1_752' title='bbox 1837 4762 1954 4838; x_wconf 81' lang='lat' dir='ltr'>quonium</span> <span class='ocrx_word' id='word_1_753' title='bbox 1968 4771 1994 4814; x_wconf 90' lang='lat' dir='ltr'>tn</span> <span class='ocrx_word' id='word_1_754' title='bbox 2006 4781 2031 4814; x_wconf 80' lang='lat' dir='ltr'>os</span> 
     </span>
     <span class='ocr_line' id='line_1_94' title="bbox 1242 4847 2032 4922; baseline 0.005 -19"><span class='ocrx_word' id='word_1_755' title='bbox 1242 4853 1286 4922; x_wconf 86' lang='lat' dir='ltr'>qni</span> <span class='ocrx_word' id='word_1_756' title='bbox 1297 4851 1377 4922; x_wconf 70' lang='lat' dir='ltr'>fecisti</span> <span class='ocrx_word' id='word_1_757' title='bbox 1389 4849 1447 4902; x_wconf 83' lang='lat' dir='ltr'>itte?</span> <span class='ocrx_word' id='word_1_758' title='bbox 1465 4850 1504 4901; x_wconf 71' lang='lat' dir='ltr'>bn</span> <span class='ocrx_word' id='word_1_759' title='bbox 1523 4847 1648 4914; x_wconf 85' lang='lat' dir='ltr'>Quottiont</span> <span class='ocrx_word' id='word_1_760' title='bbox 1661 4856 1686 4900; x_wconf 90' lang='lat' dir='ltr'>tu</span> <span class='ocrx_word' id='word_1_761' title='bbox 1697 4865 1723 4901; x_wconf 87' lang='lat' dir='ltr'>es</span> <span class='ocrx_word' id='word_1_762' title='bbox 1738 4849 1781 4917; x_wconf 90' lang='lat' dir='ltr'>qui</span> <span class='ocrx_word' id='word_1_763' title='bbox 1791 4848 1872 4916; x_wconf 74' lang='lat' dir='ltr'>[cristi</span> <span class='ocrx_word' id='word_1_764' title='bbox 1883 4867 1931 4913; x_wconf 83' lang='lat' dir='ltr'>tlte,</span> <span class='ocrx_word' id='word_1_765' title='bbox 1943 4863 2032 4919; x_wconf 84' lang='lat' dir='ltr'>poste·</span> 
     </span>
    </p>
   </div>
   <div class='ocr_carea' id='block_1_8' title="bbox 1242 4941 2043 5194">
    <p class='ocr_par' dir='ltr' id='par_1_10' title="bbox 1242 4941 2043 5194">
     <span class='ocr_line' id='line_1_95' title="bbox 1243 4941 2030 5012; baseline 0 -14"><span class='ocrx_word' id='word_1_766' title='bbox 1243 4946 1340 4998; x_wconf 86' lang='lat' dir='ltr'>riorem</span> <span class='ocrx_word' id='word_1_767' title='bbox 1355 4956 1459 4996; x_wconf 87' lang='lat' dir='ltr'>versum</span> <span class='ocrx_word' id='word_1_768' title='bbox 1466 4941 1600 5012; x_wconf 75' lang='lat' dir='ltr'>pertinet?</span> <span class='ocrx_word' id='word_1_769' title='bbox 1626 4941 1751 5005; x_wconf 83' lang='lat' dir='ltr'>Quoniam</span> <span class='ocrx_word' id='word_1_770' title='bbox 1760 4951 1786 4993; x_wconf 86' lang='grc' dir='ltr'>ιιι</span> <span class='ocrx_word' id='word_1_771' title='bbox 1798 4957 1824 4994; x_wconf 86' lang='lat' dir='ltr'>es</span> <span class='ocrx_word' id='word_1_772' title='bbox 1835 4941 1878 5012; x_wconf 87' lang='lat' dir='ltr'>qni</span> <span class='ocrx_word' id='word_1_773' title='bbox 1887 4944 1968 5012; x_wconf 76' lang='lat' dir='ltr'>[eristi</span> <span class='ocrx_word' id='word_1_774' title='bbox 1982 4962 2030 5002; x_wconf 82' lang='lat' dir='ltr'>nte.</span> 
     </span>
     <span class='ocr_line' id='line_1_96' title="bbox 1242 5031 2032 5104; baseline 0.008 -17"><span class='ocrx_word' id='word_1_775' title='bbox 1242 5052 1328 5089; x_wconf 86' lang='lat' dir='ltr'>ovvroae</span> <span class='ocrx_word' id='word_1_776' title='bbox 1340 5052 1356 5087; x_wconf 91' lang='lat' dir='ltr'>o</span> <span class='ocrx_word' id='word_1_777' title='bbox 1367 5051 1406 5087; x_wconf 89' lang='lat' dir='ltr'>rne</span> <span class='ocrx_word' id='word_1_778' title='bbox 1421 5032 1523 5104; x_wconf 74' lang='lat' dir='ltr'>popello</span> <span class='ocrx_word' id='word_1_779' title='bbox 1537 5042 1588 5086; x_wconf 85' lang='lat' dir='ltr'>tuo.</span> <span class='ocrx_word' id='word_1_780' title='bbox 1604 5031 1733 5100; x_wconf 83' lang='lat' dir='ltr'>Quoniam</span> <span class='ocrx_word' id='word_1_781' title='bbox 1747 5034 1862 5103; x_wconf 87' lang='lat' dir='ltr'>luesqui</span> <span class='ocrx_word' id='word_1_782' title='bbox 1878 5033 1962 5091; x_wconf 85' lang='lat' dir='ltr'>iecisti</span> <span class='ocrx_word' id='word_1_783' title='bbox 1978 5053 2032 5104; x_wconf 87' lang='lat' dir='ltr'>mc,</span> 
     </span>
     <span class='ocr_line' id='line_1_97' title="bbox 1242 5122 2043 5194; baseline 0.004 -13"><span class='ocrx_word' id='word_1_784' title='bbox 1242 5128 1297 5181; x_wconf 87' lang='lat' dir='ltr'>noli</span> <span class='ocrx_word' id='word_1_785' title='bbox 1307 5125 1483 5181; x_wconf 80' lang='lat' dir='ltr'>exterminare</span> <span class='ocrx_word' id='word_1_786' title='bbox 1506 5139 1548 5179; x_wconf 86' lang='lat' dir='ltr'>me</span> <span class='ocrx_word' id='word_1_787' title='bbox 1563 5142 1568 5177; x_wconf 97' lang='lat'><strong>:</strong></span> <span class='ocrx_word' id='word_1_788' title='bbox 1584 5131 1685 5177; x_wconf 90' lang='lat' dir='ltr'>tautum</span> <span class='ocrx_word' id='word_1_789' title='bbox 1699 5122 1772 5177; x_wconf 80' lang='lat' dir='ltr'>eade</span> <span class='ocrx_word' id='word_1_790' title='bbox 1782 5124 1962 5194; x_wconf 85' lang='lat' dir='ltr'>utprolvciam,</span> <span class='ocrx_word' id='word_1_791' title='bbox 1979 5145 2043 5184; x_wconf 86' lang='lat' dir='ltr'>non·</span> 
     </span>
    </p>
   </div>
   <div class='ocr_carea' id='block_1_9' title="bbox 327 4940 1190 6029">
    <p class='ocr_par' dir='ltr' id='par_1_11' title="bbox 327 4940 1190 6029">
     <span class='ocr_line' id='line_1_98' title="bbox 367 4940 1190 5014; baseline -0.016 -9"><span class='ocrx_word' id='word_1_792' title='bbox 367 4943 556 5004; x_wconf 72' lang='lat' dir='ltr'>recenseat</span> <span class='ocrx_word' id='word_1_793' title='bbox 568 4946 668 5001; x_wconf 85' lang='lat' dir='ltr'>Tamen</span> <span class='ocrx_word' id='word_1_794' title='bbox 681 4943 801 5014; x_wconf 90' lang='lat' dir='ltr'>sequitur</span> <span class='ocrx_word' id='word_1_795' title='bbox 815 4949 841 4997; x_wconf 88' lang='lat' dir='ltr'>et</span> <span class='ocrx_word' id='word_1_796' title='bbox 854 4941 908 4994; x_wconf 84' lang='lat' dir='ltr'>ait:</span> <span class='ocrx_word' id='word_1_797' title='bbox 923 4940 1049 5008; x_wconf 86' lang='lat' dir='ltr'>Quotquot</span> <span class='ocrx_word' id='word_1_798' title='bbox 1057 4940 1122 4993; x_wconf 87' lang='lat' dir='ltr'>enim</span> <span class='ocrx_word' id='word_1_799' title='bbox 1135 4957 1190 5011; x_wconf 84' lang='lat' dir='ltr'>per-</span> 
     </span>
     <span class='ocr_line' id='line_1_99' title="bbox 358 5030 1187 5107; baseline -0.008 -14"><span class='ocrx_word' id='word_1_800' title='bbox 358 5038 524 5105; x_wconf 79' lang='lat' dir='ltr'>lecti,ltoe</span> <span class='ocrx_word' id='word_1_801' title='bbox 535 5037 673 5107; x_wconf 82' lang='lat' dir='ltr'>sopiamus.</span> <span class='ocrx_word' id='word_1_802' title='bbox 685 5034 725 5088; x_wconf 84' lang='lat' dir='ltr'>Tu</span> <span class='ocrx_word' id='word_1_803' title='bbox 741 5049 793 5087; x_wconf 85' lang='lat' dir='ltr'>nort</span> <span class='ocrx_word' id='word_1_804' title='bbox 812 5047 842 5087; x_wconf 89' lang='lat' dir='ltr'>es</span> <span class='ocrx_word' id='word_1_805' title='bbox 857 5030 1006 5101; x_wconf 75' lang='lat' dir='ltr'>periectos,</span> <span class='ocrx_word' id='word_1_806' title='bbox 1021 5045 1037 5085; x_wconf 91' lang='grc' dir='ltr'><strong>ο</strong></span> <span class='ocrx_word' id='word_1_807' title='bbox 1051 5031 1187 5099; x_wconf 80' lang='lat' dir='ltr'>dpostole,</span> 
     </span>
     <span class='ocr_line' id='line_1_100' title="bbox 350 5121 1190 5199; baseline -0.007 -15"><span class='ocrx_word' id='word_1_808' title='bbox 350 5138 489 5184; x_wconf 67' lang='lat' dir='ltr'>eunus</span> <span class='ocrx_word' id='word_1_809' title='bbox 502 5127 631 5199; x_wconf 80' lang='lat' dir='ltr'>perlecti?</span> <span class='ocrx_word' id='word_1_810' title='bbox 653 5124 705 5181; x_wconf 79' lang='lat' dir='ltr'>de</span> <span class='ocrx_word' id='word_1_811' title='bbox 735 5124 832 5180; x_wconf 81' lang='lat' dir='ltr'>excidit</span> <span class='ocrx_word' id='word_1_812' title='bbox 859 5123 946 5186; x_wconf 85' lang='lat' dir='ltr'>vobis,</span> <span class='ocrx_word' id='word_1_813' title='bbox 975 5122 1035 5192; x_wconf 90' lang='lat' dir='ltr'>quia</span> <span class='ocrx_word' id='word_1_814' title='bbox 1056 5137 1086 5177; x_wconf 89' lang='lat' dir='ltr'>se</span> <span class='ocrx_word' id='word_1_815' title='bbox 1110 5121 1190 5178; x_wconf 92' lang='lat' dir='ltr'>modo</span> 
     </span>
     <span class='ocr_line' id='line_1_101' title="bbox 348 5211 1190 5284; baseline -0.012 -5"><span class='ocrx_word' id='word_1_816' title='bbox 348 5219 547 5278; x_wconf 67' lang='lat' dir='ltr'>mileciam</span> <span class='ocrx_word' id='word_1_817' title='bbox 560 5217 645 5273; x_wconf 82' lang='lat' dir='ltr'>dixit?</span> <span class='ocrx_word' id='word_1_818' title='bbox 656 5217 713 5271; x_wconf 87' lang='lat' dir='ltr'>Non</span> <span class='ocrx_word' id='word_1_819' title='bbox 727 5217 797 5270; x_wconf 91' lang='lat' dir='ltr'>enirn</span> <span class='ocrx_word' id='word_1_820' title='bbox 810 5216 857 5279; x_wconf 88' lang='lat' dir='ltr'>ait,</span> <span class='ocrx_word' id='word_1_821' title='bbox 866 5220 999 5284; x_wconf 87' lang='lat' dir='ltr'>Qnmquot</span> <span class='ocrx_word' id='word_1_822' title='bbox 1010 5211 1129 5282; x_wconf 86' lang='lat' dir='ltr'>perlecti,</span> <span class='ocrx_word' id='word_1_823' title='bbox 1139 5215 1190 5269; x_wconf 87' lang='lat' dir='ltr'>boe</span> 
     </span>
     <span class='ocr_line' id='line_1_102' title="bbox 340 5307 1189 5384; baseline -0.009 -16"><span class='ocrx_word' id='word_1_824' title='bbox 340 5314 509 5384; x_wconf 63' lang='lat' dir='ltr'>sapiatis</span> <span class='ocrx_word' id='word_1_825' title='bbox 520 5329 527 5376; x_wconf 74' lang='grc' dir='ltr'>ς</span> <span class='ocrx_word' id='word_1_826' title='bbox 540 5311 600 5380; x_wconf 82' lang='lat' dir='ltr'>sed,</span> <span class='ocrx_word' id='word_1_827' title='bbox 614 5310 849 5383; x_wconf 83' lang='lat' dir='ltr'>Quotquot,inquit‚</span> <span class='ocrx_word' id='word_1_828' title='bbox 859 5307 971 5377; x_wconf 74' lang='lat' dir='ltr'>perfecti,</span> <span class='ocrx_word' id='word_1_829' title='bbox 981 5307 1027 5360; x_wconf 84' lang='lat' dir='ltr'>boc</span> <span class='ocrx_word' id='word_1_830' title='bbox 1039 5307 1167 5377; x_wconf 89' lang='lat' dir='ltr'>sopionms</span> <span class='ocrx_word' id='word_1_831' title='bbox 1180 5324 1189 5360; x_wconf 90' lang='lat'><em>:</em></span> 
     </span>
     <span class='ocr_line' id='line_1_103' title="bbox 338 5400 1190 5472; baseline -0.011 -12"><span class='ocrx_word' id='word_1_832' title='bbox 338 5409 413 5453; x_wconf 57' lang='grc' dir='ltr'>(Β</span> <span class='ocrx_word' id='word_1_833' title='bbox 427 5422 461 5459; x_wconf 89' lang='lat' dir='ltr'>tm</span> <span class='ocrx_word' id='word_1_834' title='bbox 481 5406 558 5472; x_wconf 85' lang='lat' dir='ltr'>paulo</span> <span class='ocrx_word' id='word_1_835' title='bbox 572 5412 633 5458; x_wconf 88' lang='lat' dir='ltr'>ante</span> <span class='ocrx_word' id='word_1_836' title='bbox 647 5402 767 5469; x_wconf 76' lang='lat' dir='ltr'>dixisset,</span> <span class='ocrx_word' id='word_1_837' title='bbox 783 5400 842 5455; x_wconf 86' lang='lat' dir='ltr'>Non</span> <span class='ocrx_word' id='word_1_838' title='bbox 863 5400 923 5470; x_wconf 88' lang='lat' dir='ltr'>quio</span> <span class='ocrx_word' id='word_1_839' title='bbox 931 5400 987 5467; x_wconf 81' lang='lat' dir='ltr'>inm</span> <span class='ocrx_word' id='word_1_840' title='bbox 996 5400 1134 5469; x_wconf 83' lang='lat' dir='ltr'>occeperim</span> <span class='ocrx_word' id='word_1_841' title='bbox 1146 5409 1190 5452; x_wconf 89' lang='lat' dir='ltr'>out</span> 
     </span>
     <span class='ocr_line' id='line_1_104' title="bbox 332 5486 1190 5570; baseline -0.014 -14"><span class='ocrx_word' id='word_1_842' title='bbox 332 5486 455 5556; x_wconf 71' lang='lat' dir='ltr'>inm</span> <span class='ocrx_word' id='word_1_843' title='bbox 466 5502 589 5570; x_wconf 73' lang='lat' dir='ltr'>perfectus</span> <span class='ocrx_word' id='word_1_844' title='bbox 602 5498 658 5551; x_wconf 83' lang='lat' dir='ltr'>sina.</span> <span class='ocrx_word' id='word_1_845' title='bbox 676 5496 759 5549; x_wconf 75' lang='lat' dir='ltr'>,lliter</span> <span class='ocrx_word' id='word_1_846' title='bbox 773 5509 836 5565; x_wconf 76' lang='lat' dir='ltr'>ergo</span> <span class='ocrx_word' id='word_1_847' title='bbox 847 5494 890 5548; x_wconf 89' lang='lat' dir='ltr'>bic</span> <span class='ocrx_word' id='word_1_848' title='bbox 902 5508 956 5547; x_wconf 90' lang='lat' dir='ltr'>non</span> <span class='ocrx_word' id='word_1_849' title='bbox 970 5499 1046 5563; x_wconf 86' lang='lat' dir='ltr'>potes</span> <span class='ocrx_word' id='word_1_850' title='bbox 1057 5506 1117 5545; x_wconf 89' lang='lat' dir='ltr'>esse</span> <span class='ocrx_word' id='word_1_851' title='bbox 1131 5507 1190 5559; x_wconf 91' lang='lat' dir='ltr'>pcr-</span> 
     </span>
     <span class='ocr_line' id='line_1_105' title="bbox 327 5574 1187 5652; baseline -0.01 -6"><span class='ocrx_word' id='word_1_852' title='bbox 327 5574 495 5651; x_wconf 64' lang='lat' dir='ltr'>¹&#39;ectus</span> <span class='ocrx_word' id='word_1_853' title='bbox 509 5588 559 5643; x_wconf 91' lang='lat' dir='ltr'>uisi</span> <span class='ocrx_word' id='word_1_854' title='bbox 569 5588 638 5642; x_wconf 88' lang='lat' dir='ltr'>scias</span> <span class='ocrx_word' id='word_1_855' title='bbox 650 5585 709 5652; x_wconf 82' lang='lat' dir='ltr'>,bic</span> <span class='ocrx_word' id='word_1_856' title='bbox 725 5593 751 5638; x_wconf 87' lang='lat' dir='ltr'>te</span> <span class='ocrx_word' id='word_1_857' title='bbox 765 5598 818 5638; x_wconf 89' lang='lat' dir='ltr'>non</span> <span class='ocrx_word' id='word_1_858' title='bbox 844 5597 903 5637; x_wconf 88' lang='lat' dir='ltr'>esse</span> <span class='ocrx_word' id='word_1_859' title='bbox 927 5596 1005 5652; x_wconf 90' lang='lat' dir='ltr'>posse</span> <span class='ocrx_word' id='word_1_860' title='bbox 1033 5581 1187 5650; x_wconf 84' lang='lat' dir='ltr'>perlectum.</span> 
     </span>
     <span class='ocr_line' id='line_1_106' title="bbox 328 5662 1188 5750; baseline -0.012 -15"><span class='ocrx_word' id='word_1_861' title='bbox 328 5662 465 5734; x_wconf 64' lang='lat' dir='ltr'>Haeo</span> <span class='ocrx_word' id='word_1_862' title='bbox 484 5695 548 5750; x_wconf 76' lang='lat' dir='ltr'>ergo</span> <span class='ocrx_word' id='word_1_863' title='bbox 563 5679 614 5734; x_wconf 87' lang='lat' dir='ltr'>crit</span> <span class='ocrx_word' id='word_1_864' title='bbox 633 5677 759 5747; x_wconf 75' lang='lat' dir='ltr'>perfectio</span> <span class='ocrx_word' id='word_1_865' title='bbox 772 5685 826 5739; x_wconf 88' lang='lat' dir='ltr'>trra,</span> <span class='ocrx_word' id='word_1_866' title='bbox 840 5674 879 5728; x_wconf 91' lang='lat' dir='ltr'>sic</span> <span class='ocrx_word' id='word_1_867' title='bbox 900 5681 926 5729; x_wconf 91' lang='lat' dir='ltr'>te</span> <span class='ocrx_word' id='word_1_868' title='bbox 947 5673 1068 5745; x_wconf 76' lang='lat' dir='ltr'>quaedam</span> <span class='ocrx_word' id='word_1_869' title='bbox 1092 5673 1188 5727; x_wconf 90' lang='lat' dir='ltr'>transi-</span> 
     </span>
     <span class='ocr_line' id='line_1_107' title="bbox 329 5751 1188 5841; baseline -0.013 -14"><span class='ocrx_word' id='word_1_870' title='bbox 329 5751 474 5836; x_wconf 65' lang='lat' dir='ltr'>lisse,</span> <span class='ocrx_word' id='word_1_871' title='bbox 490 5782 520 5826; x_wconf 93' lang='lat' dir='ltr'>ut</span> <span class='ocrx_word' id='word_1_872' title='bbox 529 5771 561 5825; x_wconf 88' lang='lat' dir='ltr'>ad</span> <span class='ocrx_word' id='word_1_873' title='bbox 573 5770 693 5841; x_wconf 73' lang='lat' dir='ltr'>quasdam</span> <span class='ocrx_word' id='word_1_874' title='bbox 708 5781 853 5837; x_wconf 84' lang='lat' dir='ltr'>properes;</span> <span class='ocrx_word' id='word_1_875' title='bbox 867 5765 905 5820; x_wconf 89' lang='lat' dir='ltr'>sic</span> <span class='ocrx_word' id='word_1_876' title='bbox 916 5763 1036 5834; x_wconf 75' lang='lat' dir='ltr'>quasdam</span> <span class='ocrx_word' id='word_1_877' title='bbox 1052 5772 1077 5818; x_wconf 93' lang='grc' dir='ltr'>ιε</span> <span class='ocrx_word' id='word_1_878' title='bbox 1090 5764 1188 5818; x_wconf 89' lang='lat' dir='ltr'>transi-</span> 
     </span>
     <span class='ocr_line' id='line_1_108' title="bbox 328 5838 1189 5929; baseline -0.014 -10"><span class='ocrx_word' id='word_1_879' title='bbox 328 5840 354 5896; x_wconf 67' lang='grc' dir='ltr'>Ι</span> <span class='ocrx_word' id='word_1_880' title='bbox 368 5848 474 5927; x_wconf 65' lang='lat' dir='ltr'>isse,</span> <span class='ocrx_word' id='word_1_881' title='bbox 484 5871 514 5917; x_wconf 92' lang='lat' dir='ltr'>ut</span> <span class='ocrx_word' id='word_1_882' title='bbox 526 5870 608 5918; x_wconf 74' lang='lat' dir='ltr'>restet</span> <span class='ocrx_word' id='word_1_883' title='bbox 621 5860 691 5916; x_wconf 90' lang='lat' dir='ltr'>aliud</span> <span class='ocrx_word' id='word_1_884' title='bbox 706 5858 739 5914; x_wconf 87' lang='lat' dir='ltr'>ad</span> <span class='ocrx_word' id='word_1_885' title='bbox 753 5856 825 5929; x_wconf 91' lang='lat' dir='ltr'>quod</span> <span class='ocrx_word' id='word_1_886' title='bbox 838 5856 961 5918; x_wconf 87' lang='lat' dir='ltr'>omnilms</span> <span class='ocrx_word' id='word_1_887' title='bbox 969 5853 1109 5911; x_wconf 88' lang='lat' dir='ltr'>transactis</span> <span class='ocrx_word' id='word_1_888' title='bbox 1117 5838 1189 5927; x_wconf 41' lang='lat' dir='ltr'>tran*-</span> 
     </span>
     <span class='ocr_line' id='line_1_109' title="bbox 340 5945 1189 6029; baseline -0.004 -20"><span class='ocrx_word' id='word_1_889' title='bbox 340 5945 541 6011; x_wconf 67' lang='lat' dir='ltr'>*inmotum</span> <span class='ocrx_word' id='word_1_890' title='bbox 554 5963 606 6010; x_wconf 86' lang='lat' dir='ltr'>est.</span> <span class='ocrx_word' id='word_1_891' title='bbox 624 5953 687 6008; x_wconf 82' lang='lat' dir='ltr'>lloec</span> <span class='ocrx_word' id='word_1_892' title='bbox 701 5960 755 6007; x_wconf 88' lang='lat' dir='ltr'>tuta</span> <span class='ocrx_word' id='word_1_893' title='bbox 768 5951 779 5982; x_wconf 88' lang='lat'><strong>¹</strong></span> <span class='ocrx_word' id='word_1_894' title='bbox 793 5948 858 6005; x_wconf 88' lang='lat' dir='ltr'>lides</span> <span class='ocrx_word' id='word_1_895' title='bbox 872 5958 923 6006; x_wconf 85' lang='lat' dir='ltr'>est.</span> <span class='ocrx_word' id='word_1_896' title='bbox 935 5946 1003 6029; x_wconf 84' lang='lat' dir='ltr'>Nam</span> <span class='ocrx_word' id='word_1_897' title='bbox 1026 5947 1144 6020; x_wconf 90' lang='lat' dir='ltr'>quisquis</span> <span class='ocrx_word' id='word_1_898' title='bbox 1158 5959 1189 6006; x_wconf 72' lang='lat' dir='ltr'>aa</span> 
     </span>
    </p>
   </div>
   <div class='ocr_carea' id='block_1_10' title="bbox 1223 5216 2135 6114">
    <p class='ocr_par' dir='ltr' id='par_1_12' title="bbox 1223 5216 2135 6114">
     <span class='ocr_line' id='line_1_110' title="bbox 1243 5216 2135 5289; baseline -0.006 -14"><span class='ocrx_word' id='word_1_899' title='bbox 1243 5231 1270 5275; x_wconf 92' lang='lat' dir='ltr'>ut</span> <span class='ocrx_word' id='word_1_900' title='bbox 1280 5220 1400 5276; x_wconf 82' lang='lat' dir='ltr'>deficiam</span> <span class='ocrx_word' id='word_1_901' title='bbox 1413 5237 1419 5271; x_wconf 93' lang='lat'>:</span> <span class='ocrx_word' id='word_1_902' title='bbox 1436 5226 1536 5272; x_wconf 90' lang='lat' dir='ltr'>tantum</span> <span class='ocrx_word' id='word_1_903' title='bbox 1547 5216 1627 5271; x_wconf 90' lang='lat' dir='ltr'>tunde</span> <span class='ocrx_word' id='word_1_904' title='bbox 1638 5224 1666 5270; x_wconf 93' lang='lat' dir='ltr'>ut</span> <span class='ocrx_word' id='word_1_905' title='bbox 1676 5217 1814 5284; x_wconf 89' lang='lat' dir='ltr'>producar,</span> <span class='ocrx_word' id='word_1_906' title='bbox 1822 5232 1874 5272; x_wconf 92' lang='lat' dir='ltr'>non</span> <span class='ocrx_word' id='word_1_907' title='bbox 1885 5229 1913 5273; x_wconf 90' lang='lat' dir='ltr'>ut</span> <span class='ocrx_word' id='word_1_908' title='bbox 1923 5221 2031 5289; x_wconf 83' lang='lat' dir='ltr'>commi-</span> <span class='ocrx_word' id='word_1_909' title='bbox 2122 5253 2135 5270; x_wconf 84' lang='grc'><strong>.</strong></span> 
     </span>
     <span class='ocr_line' id='line_1_111' title="bbox 1223 5292 2030 5380; baseline -0.004 -13"><span class='ocrx_word' id='word_1_910' title='bbox 1223 5304 1226 5308; x_wconf 16' lang='grc' dir='ltr'><strong>Δ</strong></span> <span class='ocrx_word' id='word_1_911' title='bbox 1243 5328 1318 5367; x_wconf 89' lang='lat' dir='ltr'>nuar.</span> <span class='ocrx_word' id='word_1_912' title='bbox 1330 5310 1454 5378; x_wconf 83' lang='lat' dir='ltr'>Quoniam</span> <span class='ocrx_word' id='word_1_913' title='bbox 1462 5318 1518 5363; x_wconf 83' lang='lat' dir='ltr'>tuce</span> <span class='ocrx_word' id='word_1_914' title='bbox 1524 5307 1567 5377; x_wconf 87' lang='lat' dir='ltr'>qui</span> <span class='ocrx_word' id='word_1_915' title='bbox 1572 5306 1653 5378; x_wconf 73' lang='lat' dir='ltr'>fecisti</span> <span class='ocrx_word' id='word_1_916' title='bbox 1658 5322 1864 5372; x_wconf 87' lang='lat' dir='ltr'>me,omoneonte</span> <span class='ocrx_word' id='word_1_917' title='bbox 1869 5292 1971 5380; x_wconf 72' lang='lat' dir='ltr'>iioqeiio</span> <span class='ocrx_word' id='word_1_918' title='bbox 1979 5322 2030 5365; x_wconf 88' lang='lat' dir='ltr'>tuo.</span> 
     </span>
     <span class='ocr_line' id='line_1_112' title="bbox 1279 5398 2032 5476; baseline -0.003 -16"><span class='ocrx_word' id='word_1_919' title='bbox 1279 5408 1321 5460; x_wconf 91' lang='lat' dir='ltr'>l&#39;l.</span> <span class='ocrx_word' id='word_1_920' title='bbox 1335 5403 1410 5476; x_wconf 79' lang='lat' dir='ltr'>[avers.</span> <span class='ocrx_word' id='word_1_921' title='bbox 1427 5398 1483 5472; x_wconf 70' lang='lat' dir='ltr'>le]</span> <span class='ocrx_word' id='word_1_922' title='bbox 1499 5401 1519 5453; x_wconf 78' lang='grc' dir='ltr'><em>Α</em></span> <span class='ocrx_word' id='word_1_923' title='bbox 1533 5398 1681 5469; x_wconf 81' lang='lat' dir='ltr'>[ortt&#39;tttdiue</span> <span class='ocrx_word' id='word_1_924' title='bbox 1692 5414 1781 5452; x_wconf 85' lang='lat' dir='ltr'>ntotms</span> <span class='ocrx_word' id='word_1_925' title='bbox 1799 5409 1849 5455; x_wconf 74' lang='lat' dir='ltr'>tuoe</span> <span class='ocrx_word' id='word_1_926' title='bbox 1858 5417 1902 5472; x_wconf 87' lang='lat' dir='ltr'>eqo</span> <span class='ocrx_word' id='word_1_927' title='bbox 1916 5401 1996 5474; x_wconf 68' lang='lat' dir='ltr'>deieci</span> <span class='ocrx_word' id='word_1_928' title='bbox 2006 5405 2032 5458; x_wconf 88' lang='lat' dir='ltr'>in</span> 
     </span>
     <span class='ocr_line' id='line_1_113' title="bbox 1242 5491 2031 5568; baseline -0.003 -17"><span class='ocrx_word' id='word_1_929' title='bbox 1242 5495 1415 5568; x_wconf 81' lang='lat' dir='ltr'>orpmionibns</span> <span class='ocrx_word' id='word_1_930' title='bbox 1426 5510 1434 5545; x_wconf 94' lang='lat'>.·</span> <span class='ocrx_word' id='word_1_931' title='bbox 1446 5492 1497 5545; x_wconf 86' lang='lat' dir='ltr'>lroe</span> <span class='ocrx_word' id='word_1_932' title='bbox 1509 5499 1560 5555; x_wconf 88' lang='lat' dir='ltr'>est,</span> <span class='ocrx_word' id='word_1_933' title='bbox 1568 5503 1627 5542; x_wconf 86' lang='lat' dir='ltr'>curn</span> <span class='ocrx_word' id='word_1_934' title='bbox 1638 5502 1763 5558; x_wconf 79' lang='lat' dir='ltr'>argueres</span> <span class='ocrx_word' id='word_1_935' title='bbox 1775 5491 1932 5557; x_wconf 88' lang='lat' dir='ltr'>me,dcleci.</span> <span class='ocrx_word' id='word_1_936' title='bbox 1949 5493 1982 5549; x_wconf 85' lang='lat' dir='ltr'>Et</span> <span class='ocrx_word' id='word_1_937' title='bbox 1992 5509 2031 5548; x_wconf 85' lang='lat' dir='ltr'>ar·</span> 
     </span>
     <span class='ocr_line' id='line_1_114' title="bbox 1242 5579 2031 5660; baseline -0.001 -19"><span class='ocrx_word' id='word_1_938' title='bbox 1242 5603 1323 5660; x_wconf 77' lang='lat' dir='ltr'>gnere</span> <span class='ocrx_word' id='word_1_939' title='bbox 1335 5599 1406 5640; x_wconf 88' lang='lat' dir='ltr'>tuum</span> <span class='ocrx_word' id='word_1_940' title='bbox 1418 5582 1481 5654; x_wconf 87' lang='lat' dir='ltr'>qnid</span> <span class='ocrx_word' id='word_1_941' title='bbox 1498 5593 1554 5644; x_wconf 90' lang='lat' dir='ltr'>est,</span> <span class='ocrx_word' id='word_1_942' title='bbox 1567 5581 1617 5635; x_wconf 91' lang='lat' dir='ltr'>nisi</span> <span class='ocrx_word' id='word_1_943' title='bbox 1631 5579 1700 5650; x_wconf 90' lang='lat' dir='ltr'>qumi</span> <span class='ocrx_word' id='word_1_944' title='bbox 1715 5582 1853 5651; x_wconf 87' lang='lat' dir='ltr'>sequitur?</span> <span class='ocrx_word' id='word_1_945' title='bbox 1874 5582 1927 5638; x_wconf 88' lang='lat' dir='ltr'>Pro</span> <span class='ocrx_word' id='word_1_946' title='bbox 1939 5586 2031 5654; x_wconf 87' lang='lat' dir='ltr'>iniqni-</span> 
     </span>
     <span class='ocr_line' id='line_1_115' title="bbox 1243 5672 2031 5744; baseline -0.008 -9"><span class='ocrx_word' id='word_1_947' title='bbox 1243 5691 1293 5734; x_wconf 87' lang='lat' dir='ltr'>tote</span> <span class='ocrx_word' id='word_1_948' title='bbox 1304 5676 1409 5732; x_wconf 69' lang='lat' dir='ltr'>audisti</span> <span class='ocrx_word' id='word_1_949' title='bbox 1419 5674 1554 5738; x_wconf 84' lang='lat' dir='ltr'>ltomincrn,</span> <span class='ocrx_word' id='word_1_950' title='bbox 1566 5683 1589 5726; x_wconf 89' lang='lat' dir='ltr'>et</span> <span class='ocrx_word' id='word_1_951' title='bbox 1601 5672 1773 5726; x_wconf 82' lang='lat' dir='ltr'>contabescere</span> <span class='ocrx_word' id='word_1_952' title='bbox 1785 5674 1866 5744; x_wconf 73' lang='lat' dir='ltr'>fecisti</span> <span class='ocrx_word' id='word_1_953' title='bbox 1886 5676 1950 5729; x_wconf 85' lang='lat' dir='ltr'>siout</span> <span class='ocrx_word' id='word_1_954' title='bbox 1973 5694 2031 5729; x_wconf 88' lang='lat' dir='ltr'>oro·</span> 
     </span>
     <span class='ocr_line' id='line_1_116' title="bbox 1242 5765 2030 5836; baseline -0.001 -10"><span class='ocrx_word' id='word_1_955' title='bbox 1242 5789 1314 5826; x_wconf 81' lang='lat' dir='ltr'>neom</span> <span class='ocrx_word' id='word_1_956' title='bbox 1336 5770 1447 5824; x_wconf 86' lang='lat' dir='ltr'>onitrtam</span> <span class='ocrx_word' id='word_1_957' title='bbox 1468 5783 1558 5820; x_wconf 87' lang='lat' dir='ltr'>meum.</span> <span class='ocrx_word' id='word_1_958' title='bbox 1581 5765 1828 5836; x_wconf 80' lang='lat' dir='ltr'>blultuntestquod</span> <span class='ocrx_word' id='word_1_959' title='bbox 1841 5767 1960 5836; x_wconf 80' lang='lat' dir='ltr'>intelligit</span> <span class='ocrx_word' id='word_1_960' title='bbox 1982 5770 2030 5825; x_wconf 83' lang='lat' dir='ltr'>iste</span> 
     </span>
     <span class='ocr_line' id='line_1_117' title="bbox 1242 5857 2030 5929; baseline -0.009 -10"><span class='ocrx_word' id='word_1_961' title='bbox 1242 5863 1368 5919; x_wconf 90' lang='lat' dir='ltr'>lditbun:</span> <span class='ocrx_word' id='word_1_962' title='bbox 1385 5860 1407 5915; x_wconf 89' lang='lat' dir='ltr'>si</span> <span class='ocrx_word' id='word_1_963' title='bbox 1421 5859 1551 5929; x_wconf 90' lang='lat' dir='ltr'>quiscum</span> <span class='ocrx_word' id='word_1_964' title='bbox 1573 5857 1618 5911; x_wconf 92' lang='lat' dir='ltr'>illo</span> <span class='ocrx_word' id='word_1_965' title='bbox 1641 5857 1779 5926; x_wconf 78' lang='lat' dir='ltr'>intelligat,</span> <span class='ocrx_word' id='word_1_966' title='bbox 1795 5858 1817 5911; x_wconf 91' lang='lat' dir='ltr'>si</span> <span class='ocrx_word' id='word_1_967' title='bbox 1837 5858 1970 5927; x_wconf 85' lang='lat' dir='ltr'>quiscum</span> <span class='ocrx_word' id='word_1_968' title='bbox 1986 5861 2030 5914; x_wconf 86' lang='lat' dir='ltr'>illo</span> 
     </span>
     <span class='ocr_line' id='line_1_118' title="bbox 1242 5949 2028 6020; baseline -0.011 -7"><span class='ocrx_word' id='word_1_969' title='bbox 1242 5957 1381 6013; x_wconf 83' lang='lat' dir='ltr'>transiliat.</span> <span class='ocrx_word' id='word_1_970' title='bbox 1397 5952 1466 6010; x_wconf 84' lang='lat' dir='ltr'>Dicit</span> <span class='ocrx_word' id='word_1_971' title='bbox 1479 5950 1771 6020; x_wconf 79' lang='lat' dir='ltr'>eniminarqutionibus</span> <span class='ocrx_word' id='word_1_972' title='bbox 1788 5950 1832 6004; x_wconf 86' lang='lat' dir='ltr'>Det</span> <span class='ocrx_word' id='word_1_973' title='bbox 1847 5964 1875 6004; x_wconf 90' lang='lat' dir='ltr'>se</span> <span class='ocrx_word' id='word_1_974' title='bbox 1890 5949 2028 6015; x_wconf 81' lang='lat' dir='ltr'>deiecisse,</span> 
     </span>
     <span class='ocr_line' id='line_1_119' title="bbox 1240 6039 2024 6114; baseline -0.023 -5"><span class='ocrx_word' id='word_1_975' title='bbox 1240 6060 1271 6109; x_wconf 78' lang='lat' dir='ltr'>ei</span> <span class='ocrx_word' id='word_1_976' title='bbox 1282 6051 1361 6109; x_wconf 83' lang='lat' dir='ltr'>vulla</span> <span class='ocrx_word' id='word_1_977' title='bbox 1375 6045 1529 6104; x_wconf 85' lang='lat' dir='ltr'>scauroveri</span> <span class='ocrx_word' id='word_1_978' title='bbox 1543 6043 1655 6114; x_wconf 78' lang='lat' dir='ltr'>flagella,</span> <span class='ocrx_word' id='word_1_979' title='bbox 1667 6041 1791 6112; x_wconf 88' lang='lat' dir='ltr'>quoniam</span> <span class='ocrx_word' id='word_1_980' title='bbox 1805 6042 1861 6109; x_wconf 83' lang='lat' dir='ltr'>ipse</span> <span class='ocrx_word' id='word_1_981' title='bbox 1871 6045 1969 6112; x_wconf 90' lang='lat' dir='ltr'>estqui</span> <span class='ocrx_word' id='word_1_982' title='bbox 1988 6039 1998 6092; x_wconf 89' lang='lat' dir='ltr'>l</span> <span class='ocrx_word' id='word_1_983' title='bbox 2020 6074 2024 6078; x_wconf 94' lang='lat'>-</span> 
     </span>
    </p>
   </div>
   <div class='ocr_carea' id='block_1_11' title="bbox 1268 6151 1871 6302">
    <p class='ocr_par' dir='ltr' id='par_1_13' title="bbox 1268 6151 1871 6302">
     <span class='ocr_line' id='line_1_120' title="bbox 1268 6151 1871 6217; baseline -0.03 -3"><span class='ocrx_word' id='word_1_984' title='bbox 1268 6157 1276 6192; x_wconf 89' lang='lat'><strong>¹</strong></span> <span class='ocrx_word' id='word_1_985' title='bbox 1290 6157 1330 6209; x_wconf 78' lang='lat' dir='ltr'>Sic</span> <span class='ocrx_word' id='word_1_986' title='bbox 1340 6163 1362 6209; x_wconf 79' lang='lat' dir='ltr'>ia</span> <span class='ocrx_word' id='word_1_987' title='bbox 1376 6161 1432 6212; x_wconf 63' lang='lat' dir='ltr'>llas.</span> <span class='ocrx_word' id='word_1_988' title='bbox 1441 6166 1468 6210; x_wconf 84' lang='grc' dir='ltr'>ιι</span> <span class='ocrx_word' id='word_1_989' title='bbox 1478 6160 1503 6209; x_wconf 92' lang='lat' dir='ltr'>ln</span> <span class='ocrx_word' id='word_1_990' title='bbox 1514 6154 1580 6217; x_wconf 64' lang='lat' dir='ltr'>edd,</span> <span class='ocrx_word' id='word_1_991' title='bbox 1591 6151 1675 6217; x_wconf 77' lang='lat' dir='ltr'>etium</span> <span class='ocrx_word' id='word_1_992' title='bbox 1684 6164 1730 6199; x_wconf 91' lang='lat' dir='ltr'>uon</span> <span class='ocrx_word' id='word_1_993' title='bbox 1743 6159 1871 6207; x_wconf 76' lang='lat' dir='ltr'>raporum.</span> 
     </span>
     <span class='ocr_line' id='line_1_121' title="bbox 1625 6232 1827 6302; baseline -0.025 -10"><span class='ocrx_word' id='word_1_994' title='bbox 1625 6232 1827 6302; x_wconf 76' lang='lat' dir='ltr'>(Quotorze.)</span> 
     </span>
    </p>
   </div>
   <div class='ocr_carea' id='block_1_12' title="bbox 410 6080 958 6226">
    <p class='ocr_par' dir='ltr' id='par_1_14' title="bbox 410 6080 958 6226">
     <span class='ocr_line' id='line_1_122' title="bbox 410 6080 949 6200; baseline 0.032 -65"><span class='ocrx_word' id='word_1_995' title='bbox 410 6080 565 6200; x_wconf 57' lang='lat' dir='ltr'>:ffliqne</span> <span class='ocrx_word' id='word_1_996' title='bbox 579 6090 636 6141; x_wconf 80' lang='lat' dir='ltr'>ilss.</span> <span class='ocrx_word' id='word_1_997' title='bbox 651 6094 785 6168; x_wconf 43' lang='lat' dir='ltr'>:uSequerc</span> <span class='ocrx_word' id='word_1_998' title='bbox 802 6094 843 6147; x_wconf 89' lang='lat' dir='ltr'>dic</span> <span class='ocrx_word' id='word_1_999' title='bbox 866 6105 949 6152; x_wconf 70' lang='lat' dir='ltr'>tolient.</span> 
     </span>
     <span class='ocr_line' id='line_1_123' title="bbox 502 6153 958 6226; baseline 0.037 -27"><span class='ocrx_word' id='word_1_1000' title='bbox 502 6186 520 6210; x_wconf 92' lang='lat'>.,</span> <span class='ocrx_word' id='word_1_1001' title='bbox 538 6153 597 6204; x_wconf 83' lang='lat' dir='ltr'>tola.</span> <span class='ocrx_word' id='word_1_1002' title='bbox 614 6153 703 6204; x_wconf 67' lang='lat' dir='ltr'>bit-..us</span> <span class='ocrx_word' id='word_1_1003' title='bbox 718 6159 810 6219; x_wconf 76' lang='lat' dir='ltr'>aliquot</span> <span class='ocrx_word' id='word_1_1004' title='bbox 822 6161 887 6226; x_wconf 77' lang='lat' dir='ltr'>llas,</span> <span class='ocrx_word' id='word_1_1005' title='bbox 900 6171 958 6216; x_wconf 87' lang='lat' dir='ltr'>tnta.</span> 
     </span>
    </p>
   </div>
   <div class='ocr_carea' id='block_1_13' title="bbox 529 6234 824 6306">
    <p class='ocr_par' dir='ltr' id='par_1_15' title="bbox 529 6234 824 6306">
     <span class='ocr_line' id='line_1_124' title="bbox 529 6234 824 6306; baseline 0.037 -12"><span class='ocrx_word' id='word_1_1006' title='bbox 529 6234 663 6299; x_wconf 74' lang='lat' dir='ltr'>Parnon.</span> <span class='ocrx_word' id='word_1_1007' title='bbox 682 6238 824 6306; x_wconf 79' lang='lat' dir='ltr'>xxxvl.</span> 
     </span>
    </p>
   </div>
   <div class='ocr_carea' id='block_1_14' title="bbox 0 0 2518 6916">
    <p class='ocr_par' dir='ltr' id='par_1_16' title="bbox 0 0 2518 6916">
     <span class='ocr_line' id='line_1_125' title="bbox 0 0 2518 6916; baseline 0 0"><span class='ocrx_word' id='word_1_1008' title='bbox 0 0 2518 6916; x_wconf 95' lang='lat' dir='ltr'> </span> 
     </span>
    </p>
   </div>
  </div>
 </body>
</html>
