5025 6925
446 655 499 717 raa
1061 648 1091 707 ε.
1110 605 1294 708 incusum
1313 646 1462 706 narseum
2020 649 2076 709 no

442 783 505 842 est,
517 772 562 846 qni
577 778 685 843 propter
707 767 857 840 inopes¹et
878 779 1023 837 pauperes,
1040 764 1121 821 idest
1140 763 1229 834 inopia
1288 774 1393 820 terrena
1413 761 1690 821 inlrabitatiosensnm
1710 763 1792 819 multa
1811 763 1969 835 cogitantem
1990 762 2074 838 (Sap.

447 875 474 920 et
487 870 642 935 paupertate
655 861 784 917 bonorum
797 856 975 930 spiritualium
993 865 1112 927 egentes,
1133 856 1230 912 Filium
1282 873 1320 926 nr,
1333 859 1377 933 lb)
1391 879 1398 915 ε
1412 860 1621 932 multiplicantur
1634 869 1722 917 autem
1737 860 1802 931 insti
1818 858 1964 916 secundam
1981 859 2076 916 altitu·

446 971 523 1012 srttnn
538 954 659 1025 dignatus
670 961 713 1006 εει
723 951 845 1017 mittere,
862 948 922 1006 inde
936 956 1024 1005 antem
1037 947 1130 1019 incipit
1141 962 1231 1003 serato
1282 950 1370 1007 dinem
1383 950 1441 1019 Dei,
1451 950 1557 1023 quando
1569 950 1688 1007 ibuntde
1698 951 1795 1008 uirtute
1806 950 1832 1006 in
1843 951 1966 1007 virtulem
1980 948 2072 1022 (Ptol.
2100 953 2103 958 ’

446 1047 505 1116 ejas
527 1043 596 1116 apud
618 1042 769 1106 llattlaenm
791 1043 817 1096 in
841 1049 942 1105 monte,
964 1055 1025 1097 cum
1048 1039 1112 1095 dicit
1132 1057 1140 1095 :
1159 1037 1230 1094 Beati
1283 1058 1395 1111 urrant,
1411 1041 1457 1115 8),
1532 1071 1534 1078 ι

390 1136 395 1149 ”
447 1153 569 1207 pauperes
580 1136 679 1205 spirita,
693 1134 812 1205 quoniam
824 1134 936 1205 iptorum
948 1142 984 1189 eat
995 1149 1100 1205 reqrtum
1109 1132 1229 1187 calorum

447 1230 501 1299 (Ιιι
517 1246 542 1293 r,
556 1229 594 1299 ὅ).
610 1226 709 1281 Portam
727 1227 753 1281 in
765 1225 883 1280 salutari.
898 1224 955 1280 Non
974 1224 1040 1281 dixit
1051 1223 1113 1294 quid
1126 1232 1227 1293 ponat;

444 1324 490 1378 sed
504 1326 530 1377 in
544 1322 661 1385 udmari,
675 1323 701 1375 in
710 1319 817 1376 Christo
827 1318 1010 1389 accipiendum
1021 1328 1070 1383 εει,
1083 1315 1227 1373 secundam

443 1413 519 1476 illud,
534 1413 660 1481 &tertiam
673 1413 788 1465 uiderunt
801 1410 869 1465 oculi
882 1410 931 1463 mei
943 1412 1056 1463 salutare
1067 1418 1137 1464 taum
1151 1407 1227 1476 (bue.

443 1523 476 1571 n,
489 1506 524 1561 ab
535 1506 565 1579 ):
581 1513 608 1560 et
618 1505 677 1561 idco
688 1503 841 1575 intelligitur
855 1502 882 1557 in
902 1502 949 1557 illo
969 1502 1088 1572 posuisse
1106 1500 1177 1572 qnod
1194 1500 1228 1555 ad

445 1596 580 1653 miseriam
594 1600 702 1668 inopum
715 1593 886 1650 aulercndnm
900 1602 927 1648 et
940 1591 1129 1648 consolandum
1145 1592 1229 1661 qemi·
1318 1596 1343 1651 l.
1365 1593 1446 1670 [cert.
1469 1594 1512 1669 l.]
1535 1594 1607 1651 Finit
1629 1595 1696 1650 enim
1714 1592 1788 1666 deqir
1808 1593 1920 1673 cbristus
1938 1593 1972 1648 ad
1993 1593 2074 1666 irreti-

443 1686 499 1744 tum
512 1704 656 1759 pauperum
669 1687 792 1759 pertinet.
809 1684 976 1739 Fiducialiter
988 1701 1062 1755 aqam
1080 1684 1106 1738 iu
1120 1698 1167 1747 eo,·
1186 1698 1229 1739 sc·
1281 1686 1342 1740 tiam
1361 1686 1430 1741 oraui
1449 1686 1559 1741 credenti
1572 1686 1665 1757 (liant.
1677 1701 1709 1751 x,
1720 1687 1737 1740 l
1750 1684 1770 1756 ).
1787 1684 1931 1756 Usquequo,
1952 1682 2075 1753 Denriae,
2128 1754 2134 1766 ι

443 1780 558 1836 cundum
580 1779 643 1834 illud
666 1780 692 1834 in
714 1776 858 1848 Evangelio
881 1795 887 1830 :
909 1774 972 1829 Erat
991 1775 1056 1829 enim
1077 1774 1169 1830 docem
1187 1790 1229 1829 eoa
1281 1777 1431 1833 oblivisceris
1445 1777 1630 1848 mainfinem?
1648 1776 1736 1841 idest,
1749 1775 1840 1830 dilicrs
1861 1790 1904 1831 me
1915 1774 1948 1830 ad
1970 1774 2074 1832 tntetli-

371 1900 373 1903 ·
443 1883 563 1942 tanquam
572 1880 717 1943 patestatem
727 1868 830 1935 iubeor,
842 1884 893 1922 nort
905 1877 1023 1938 tauquam
1034 1865 1132 1922 Scribe
1144 1882 1229 1921 eorttm
1281 1870 1395 1940 gendum
1405 1870 1540 1928 Christum
1553 1869 1734 1941 spiritualiter,
1748 1868 1791 1940 qui
1804 1876 1846 1924 est
1859 1868 1905 1923 Dei
1918 1866 2070 1938 Sapientia,

445 1963 550 2034 (llattlt.
566 1979 611 2023 tut,
625 1960 683 2034 stt).
1280 1969 1309 2017 ει
1329 1972 1417 2016 rectus
1437 1962 1496 2015 linis
1516 1960 1602 2015 ominis
1623 1958 1778 2014 intentionis
1796 1961 1901 2013 animae.
1918 1956 1975 2022 Quo
1990 1973 2072 2028 traque

1497 1250 1539 1311 ΙΝ
1557 1248 1747 1312 PSALMUM
1767 1248 1829 1309 Xll

1594 1366 1800 1423 abundatio.

1495 1482 1527 1538 lu
1540 1482 1626 1552 finem,
1641 1480 1760 1536 Paalmus
1774 1478 1867 1538 Dauid.

479 2055 506 2109 7.
518 2053 592 2127 [tert.
606 2052 645 2127 'l.]
667 2052 775 2123 Eloquia
801 2052 922 2119 Domini,
945 2052 1043 2123 eloquia
1065 2060 1144 2105 mata.
1166 2049 1230 2106 llaec
1282 2054 1373 2109 mertia
1385 2054 1475 2124 faeiem
1487 2062 1556 2107 tuam
1566 2069 1582 2105 a
1591 2052 1651 2107 atel
1664 2050 1798 2107 Sicatnon
1810 2050 1976 2107 obliviscitur
1986 2051 2071 2116 oeus,

444 2160 556 2215 persona
572 2145 654 2215 ipsius
668 2143 807 2214 Propltctae
820 2154 871 2198 cst.
886 2142 994 2214 Eloquia
1005 2140 1118 2208 Domini,
1130 2141 1230 2211 eloquia
1281 2144 1321 2200 sic
1342 2158 1391 2200 nec
1411 2142 1504 2199 taciem
1524 2144 1638 2209 avertit;
1659 2141 1707 2198 sed
1726 2156 1800 2198 more
1819 2150 1911 2197 nostro
1933 2140 2074 2212 Scriptura

443 2244 540 2289 easta:
565 2244 635 2288 casta
658 2233 742 2297 dicit,
765 2234 823 2290 sine
848 2232 1018 2305 corruptione
1040 2231 1228 2295 simulationis.
1281 2234 1398 2304 loquitur
1413 2250 1419 2288 :
1434 2243 1554 2290 avertere
1575 2244 1663 2290 autem
1677 2235 1747 2291 Deus
1768 2234 1861 2291 tactem
1877 2233 1991 2299 dicitur,
2006 2235 2083 2309 dunt„

444 2324 517 2380 liniti
549 2325 620 2379 enim
648 2324 793 2395 praedicant
818 2310 956 2379 veritatem
977 2339 1031 2380 non
1053 2333 1145 2392 caste,
1168 2324 1229 2396 quia
1282 2323 1961 2397 nondatanimaenotitiamsui,qaaeudlrucparum
1973 2326 2075 2383 mentis

444 2415 562 2469 rendunt
581 2414 653 2469 illam
675 2416 760 2485 pretio
778 2415 995 2471 commodicrtum
1018 2415 1098 2484 bajus
1118 2415 1227 2471 seculi:
1281 2414 1386 2469 oenlam
1403 2429 1455 2469 non
1472 2414 1560 2470 babet.

442 2506 477 2561 de
491 2507 586 2561 talibus
605 2506 669 2561 dicit
683 2507 837 2577 Apostolus,
851 2505 922 2577 qnod
934 2506 1068 2565 Christum
1089 2508 1230 2563 annuntia·
1316 2504 1344 2560 2.
1361 2502 1488 2579 [επεὶ]
1517 2505 1643 2571 Quamdiu
1667 2522 1758 2577 ponam
1782 2506 1915 2561 cantillam
1936 2506 1964 2561 in
1984 2506 2074 2571 anima

443 2605 502 2651 rent
512 2610 566 2669 ¹non
581 2602 653 2650 caste
666 2595 793 2667 (Ptilipp.
807 2613 826 2656 ι.
843 2597 897 2665 ll).
913 2587 1050 2667 Arqentum
1067 2597 1126 2668 ique
1136 2585 1231 2651 erard-
1281 2598 1359 2652 nreol
1372 2595 1489 2652 Consilio
1503 2612 1554 2651 non
1570 2611 1637 2667 opas
1659 2605 1710 2665 est,
1724 2598 1776 2651 nisi
1796 2598 1822 2652 in
1843 2596 1973 2672 adrensis.
1988 2597 2072 2669 Ergo,

442 2695 530 2740 natum
544 2695 626 2742 terra.
648 2686 706 2757 ipsa
729 2685 833 2757 eloquia
854 2686 958 2741 Domini
977 2702 1026 2758 per
1045 2686 1230 2742 tribulationes
1283 2686 1410 2753 anordiu
1432 2703 1524 2758 porram
1537 2686 1669 2741 eonsilium
1682 2686 1709 2740 in
1727 2686 1813 2740 auinra
1832 2703 1906 2752 ntea,
1920 2689 1955 2741 ita
1969 2686 2074 2743 dietum

443 2777 552 2849 probata
563 2778 757 2847 peccatoribus.
770 2776 1231 2851 Parqotumreptuptuqr:pertimo·
1281 2787 1340 2845 est,
1353 2779 1485 2847 Quamdiu
1499 2793 1546 2833 ero
1559 2779 1586 2833 in
1608 2777 1749 2834 adversis?
1768 2779 1821 2833 Aut
1841 2788 1913 2835 certe
1930 2779 2074 2847 responsio

443 2883 500 2924 rem
514 2868 571 2933 Dei,
591 2884 640 2940 per
653 2868 789 2939 pietatem,
803 2883 852 2952 per
866 2868 1015 2936 scientiam,
1037 2883 1085 2939 per
1098 2867 1229 2923 tortitudi-
1281 2880 1333 2933 est,
1349 2881 1377 2923 ut
1391 2869 1442 2924 iste
1456 2870 1491 2925 sit
1505 2884 1610 2935 sensus,
1624 2870 1745 2935 Tamdiu,
1766 2870 1886 2937 Dauniae,
1902 2870 2074 2928 oblivisceris

442 2976 514 3024 nem,
528 2976 577 3032 per
589 2960 740 3027 eonsilium,
755 2974 803 3031 per
815 2959 997 3025 intellectum,
1011 2974 1058 3029 per
1072 2959 1228 3028 sapientiam
1281 2977 1325 3018 me
1339 2962 1365 3016 in
1386 2962 1475 3028 linem,
1497 2972 1526 3017 et
1544 2960 1643 3017 tamdiu
1664 2961 1875 3019 avertissement
1897 2972 1996 3018 tuama
2015 2978 2073 3031 me,

444 3048 520 3123 (lsai.
534 3050 637 3122 ιιι).
659 3049 724 3105 Narn
747 3060 848 3119 septem
871 3058 935 3129 sant
956 3050 1036 3105 etiam
1060 3047 1229 3105 beatitudinis
1280 3052 1408 3125 quamdin
1427 3069 1523 3124 ponam
1544 3053 1684 3109 consilinm
1704 3055 1729 3108 in
1752 3054 1840 3110 aalma
1866 3070 1925 3111 mea
1944 3072 1951 3109 ι
1970 3064 1999 3111 ιιι
2019 3056 2072 3112 nisi

441 3140 553 3213 gradus,
577 3156 644 3212 qrtos
670 3142 697 3195 in
721 3139 815 3195 eodem
840 3154 967 3196 sermone
984 3155 1062 3211 quem
1088 3138 1178 3194 babuit
1201 3139 1228 3194 in
1280 3141 1392 3216 quisque
1407 3144 1524 3213 posuerit
1536 3144 1675 3200 eonsilium
1690 3145 1715 3198 in
1739 3145 1826 3200 aniam
1844 3160 1891 3200 saa
1913 3146 2073 3216 atperlecte

441 3242 532 3289 triante
555 3232 682 3287 Dominus
705 3210 858 3301 exsequitur
880 3238 943 3286 κατὰ
963 3229 1137 3285 llatthaeum:
1156 3226 1229 3282 Deati
1280 3247 1406 3305 opereque
1428 3235 1648 3304 misericordiam,
1672 3250 1728 3305 ¹mm
1742 3250 1810 3300 eum
1835 3236 1929 3307 dirigat
1952 3236 2022 3293 Deus
2043 3236 2071 3293 in

442 3340 565 3397 pauperet
578 3324 685 3395 spiritu,
700 3322 765 3378 beati
779 3324 866 3390 orites,
881 3321 945 3378 beati
964 3322 1092 3392 luqentes,
1108 3319 1172 3375 barti
1185 3320 1229 3391 qtti
1280 3325 1370 3393 linem,
1386 3344 1472 3399 acque
1485 3330 1605 3384 notitiam
1626 3330 1667 3384 sni
1683 3329 1788 3399 plenam
1800 3328 1871 3401 qnod
1893 3337 1935 3385 est
1955 3328 2023 3385 lacie
2036 3330 2071 3385 ad

442 3421 554 3470 amrium
568 3423 591 3469 et
612 3413 699 3468 sitiunt
717 3412 858 3484 justitiam,
879 3411 943 3466 beati
955 3411 1144 3478 misericorder,
1164 3410 1229 3466 beati

441 3508 536 3564 mando
548 3507 633 3572 corde,
651 3507 715 3561 beuti
734 3505 833 3578 pacifici
858 3503 963 3576 (llatllt.
974 3519 1002 3567 u,
1017 3501 1082 3575 ab)
1095 3521 1102 3559 :
1114 3503 1148 3558 de
1167 3504 1227 3575 qui·

441 3600 492 3657 bus
505 3599 645 3654 sententiis
658 3605 759 3667 septem
777 3604 859 3651 totam
881 3596 954 3650 illam
976 3608 1126 3650 sermonem
1146 3595 1228 3665 proli·

440 3707 503 3748 xum
525 3690 623 3746 dictum
646 3703 707 3744 esse
721 3687 893 3742 animadverti
909 3694 1014 3756 potest;
1041 3701 1101 3740 nam
1122 3696 1225 3752 octava,

441 3777 486 3838 ulti
498 3783 598 3837 dietum
612 3787 663 3846 εει,
676 3777 749 3834 Beati
762 3779 805 3849 qui
819 3778 1012 3848 persecutionem
1027 3777 1156 3848 patiuntur
1165 3792 1226 3847 pro·

440 3883 495 3943 pter
503 3872 647 3944 q'itrtitiarn,
663 3871 749 3942 ipsum
767 3869 854 3939 ignem
870 3867 1019 3936 signifieat,
1035 3880 1088 3937 qua
1110 3874 1228 3937 septem-
1249 3864 1261 3885 ”

439 3964 543 4037 pliciter
562 3965 687 4035 probatur
705 3969 854 4035 argentum.
869 3961 928 4030 ¹Qui
946 3975 1036 4017 sermo
1056 3975 1116 4016 curn
1137 3961 1227 4015 termi·

439 4070 517 4121 nattis
529 4067 612 4123 essct,
624 4058 723 4113 dietum
735 4066 787 4122 εει,
800 4055 863 4109 Erat
876 4056 942 4109 enim
954 4054 1045 4108 docem
1057 4069 1098 4108 eoa
1109 4064 1228 4124 tanquam

438 4159 584 4223 potestatem
606 4149 711 4216 liabent,
731 4164 781 4202 nort
805 4156 924 4217 tanquam
945 4145 1042 4201 Scriba
1062 4131 1149 4199 eorum
1161 4143 1225 4214 (ld.

439 4258 486 4307 ιιι,
500 4243 571 4313 99);
588 4243 657 4313 qnod
678 4225 792 4312 pertinet
812 4238 893 4293 adid
915 4236 986 4309 quod
1007 4238 1033 4293 in
1052 4236 1103 4293 boc
1124 4238 1226 4308 psalmo

438 4334 537 4388 dictum
550 4343 601 4394 est,
619 4332 785 4387 Fiducialiter
798 4348 871 4402 aqum
885 4332 911 4385 iu
923 4346 964 4384 eo.

474 4420 500 4480 8.
517 4423 592 4496 [vers.
606 4421 646 4495 8.]
675 4423 722 4487 Eu,
737 4421 854 4486 Domine,
868 4422 978 4477 senatis
992 4436 1053 4482 tros,
1067 4431 1091 4473 et
1102 4401 1237 4474 ctrttodles¹

438 4530 484 4572 tros
497 4533 512 4568 a
526 4514 683 4586 qenerotione
704 4513 751 4565 boc
775 4522 798 4566 et
811 4515 822 4543 ¹
837 4513 863 4565 irt
880 4522 1000 4566 oesernrtm
1014 4527 1023 4564 :
1038 4511 1080 4564 bic
1099 4519 1225 4580 tanquam

439 4611 533 4679 inopes
556 4616 583 4662 et
603 4619 746 4677 pauperes,
771 4604 807 4659 ibi
831 4615 954 4675 tanlquam
976 4604 1116 4674 opulentos
1135 4613 1163 4658 et
1182 4602 1224 4657 di-

438 4703 514 4757 uites.

472 4796 499 4852 9.
514 4794 590 4867 [terr.
604 4787 645 4862 a]
670 4788 704 4843 ln
717 4787 822 4842 circuitu
834 4787 906 4858 impii
917 4788 1046 4842 ambulant
1059 4786 1098 4860 (a)
1114 4805 1121 4840 ε
1136 4787 1222 4855 idest,

439 4886 465 4941 in
487 4883 671 4956 temporalium
693 4894 782 4935 rernm
802 4878 1029 4948 cupiditateque
1049 4888 1151 4949 septem
1166 4878 1224 4934 die·

441 4991 498 5031 ram
523 4976 635 5045 repetito
655 4971 791 5035 circuitu,
812 4978 935 5039 tanquam
960 4978 1017 5023 rota
1039 4970 1153 5024 uolritur
1170 4986 1178 5035 ;
1198 4979 1225 5024 ει

442 5068 501 5124 ideo
516 5084 568 5123 non
588 5065 745 5137 perueniunt
759 5063 786 5118 in
801 5073 932 5126 octauum,
948 5059 974 5115 id
987 5068 1029 5115 est
1042 5061 1068 5117 in
1083 5070 1223 5129 retentam,

443 5175 555 5232 proquo
569 5157 619 5212 iste
641 5156 757 5226 psalmus
778 5154 897 5209 titulatus
912 5159 964 5206 est.
984 5151 1022 5206 lta
1043 5160 1071 5206 et
1088 5165 1134 5221 per
1150 5151 1224 5206 Salo·

439 5264 545 5306 monem
568 5247 688 5303 dicitur:
709 5244 849 5301 Ventilator
873 5243 939 5298 enim
964 5251 998 5296 est
1021 5242 1156 5310 impiorum
1180 5257 1225 5296 rea

438 5343 549 5412 rapiens,
563 5348 586 5394 et
600 5338 710 5392 immittit
724 5336 776 5392 illis
787 5347 868 5391 rotam
879 5335 1004 5390 malornm
1018 5332 1107 5406 (Prot,
1119 5348 1166 5397 tr,
1176 5333 1220 5397 ιθ,

440 5429 594 5502 ccclxii).
617 5428 763 5485 Secundum
782 5427 941 5482 altitudinem
960 5436 1029 5479 tuam
1050 5424 1241 5496 ntultiplicaati·

441 5521 507 5594 filios
521 5519 660 5575 bominum.
676 5516 741 5586 Quia
765 5525 809 5570 est
830 5527 857 5570 et
877 5517 903 5569 in
928 5514 1115 5586 temporalibus
1135 5514 1224 5568 atulli-

439 5612 556 5687 plicatio,
577 5622 637 5681 quae
657 5605 753 5662 auertit
770 5605 805 5659 ab
826 5606 925 5659 unitate
947 5604 1013 5669 Dei;
1037 5603 1106 5659 unde
1127 5611 1224 5673 eorpus

439 5706 510 5780 quod
533 5701 731 5772 corrumpitur,
754 5704 879 5768 aqqramt
901 5697 1026 5763 animam,
1043 5705 1078 5752 ἐι
1100 5695 1224 5767 deprimit

469 5905 478 5936 ¹
490 5911 547 5953 octo
557 5909 620 5957 aas,
632 5902 758 5961 propterea
771 5893 803 5944 ad
814 5894 903 5956 inopes.
1007 5952 1013 5963 .
1124 5953 1130 5964 Ι

469 5968 480 5996 ·
491 5967 526 6013 sie
535 5965 642 6027 potiores
651 5966 705 6009 ιιεε.
715 5959 784 6021 juxta
796 5962 860 6004 tax.
874 5953 899 6016 [a
907 5959 1056 6019 qetrerattone
1068 5952 1113 6004 ltac
1120 5967 1146 6004 ιιι
1155 5960 1224 6004 eter-

438 6029 583 6167 Ἤιιιειιι
594 6116 658 6158 tert.
668 6103 808 6155 ιιηειιιιιι
819 6101 843 6150 la
852 6105 920 6150 baar.
932 6097 991 6150 isal.
1004 6111 1106 6163 saram,
1115 6112 1141 6151 a.
1153 6098 1191 6151 lb.
1203 6174 1210 6186 ,

1279 3414 1386 3486 taciem,
1401 3420 1517 3490 praebeat
1532 3420 1581 3475 illi.
1596 3418 1716 3476 Dolorem
1728 3421 1755 3475 itt
1769 3420 1845 3475 corde
1856 3437 1911 3476 meo
1923 3437 1968 3491 per
1981 3420 2073 3477 dieat?

1279 3512 1444 3580 subanditur,
1458 3513 1583 3585 quamdiu
1596 3514 1715 3585 ponam?
1738 3513 1790 3569 Per
1802 3514 1867 3568 diem
1879 3524 1967 3568 autem
1980 3556 1987 3580 ‚
2001 3529 2071 3570 eon·

1280 3603 1452 3659 tinuationem
1472 3605 1613 3675 signifieat,
1628 3614 1657 3659 ut
1668 3604 1725 3660 dies
1739 3619 1786 3675 pro
1800 3613 1919 3672 tempore
1934 3604 2070 3676 intelliga-

1279 3703 1340 3761 tur;
1365 3710 1379 3749 a
1404 3710 1457 3766 quo
1480 3710 1510 3752 se
1531 3700 1641 3768 quisque
1664 3695 1817 3751 desiderans
1841 3696 1925 3763 exui,
1949 3694 2069 3751 dolorem

1282 3786 1356 3855 ponit
1377 3786 1403 3840 in
1418 3786 1517 3852 corde,
1532 3787 1678 3858 deprecans
1700 3787 1733 3842 ad
1755 3797 1854 3842 aeterna
1876 3786 2069 3855 cariscendere,

1279 3885 1305 3932 et
1320 3877 1465 3932 liumannm
1480 3877 1550 3934 diem
1565 3892 1618 3943 non
1632 3878 1696 3949 pati.

1314 3969 1340 4024 ὅ.
1367 3968 1447 4042 [uere.
1468 3968 1513 4041 5.]
1535 3968 1668 4039 Usquequo
1688 3969 1839 4024 exaltabitur
1861 3968 1977 4024 inimicae
1998 3984 2070 4024 metra

1278 4073 1355 4128 mper
1368 4059 1429 4113 nte?
1450 4060 1490 4113 vel
1509 4058 1640 4123 diabolus,
1654 4057 1694 4113 rel
1707 4057 1872 4114 consuetudo
1886 4057 2013 4113 earnalis.

1313 4148 1340 4203 l.
1360 4147 1441 4220 [uera.
1454 4146 1500 4221 l.]
1521 4148 1627 4219 Respice
1647 4159 1670 4201 ct
1693 4148 1852 4212 exaudime,
1874 4146 1981 4201 Domine
1999 4146 2070 4204 Deua

1278 4257 1359 4294 arena.
1373 4239 1489 4312 Respice,
1501 4240 1616 4294 retertur
1625 4238 1658 4294 ad
1671 4239 1695 4293 id
1710 4238 1779 4308 qnod
1789 4237 1888 4294 dictum
1902 4246 1954 4306 est,
1970 4237 2070 4310 [laque-

1278 4348 1328 4402 (ιε
1340 4325 1430 4385 merda
1444 4331 1534 4403 [ariera
1547 4340 1616 4385 taam
1629 4347 1644 4383 a
1657 4330 1717 4384 nte?
1732 4329 1834 4385 Euattdr'
1842 4371 1850 4396 ,
1864 4328 1979 4385 relcrtur
1991 4331 2025 4384 ad
2040 4330 2068 4387 id

1278 4422 1349 4492 equod
1371 4421 1470 4479 dictum
1490 4434 1548 4486 est,
1566 4423 1697 4493 Usquequo
1712 4423 1862 4477 oblivisceris
1877 4440 1916 4476 rrte
1928 4424 1954 4476 iu
1969 4424 2069 4494 pactu?

1279 4510 1402 4567 illumina
1412 4516 1498 4568 oculos
1509 4530 1586 4577 nicos,
1597 4529 1629 4566 tre
1637 4529 1749 4583 unquam
1760 4512 1914 4566 obdormiam
1923 4513 2067 4567 itt-marte¹.

1278 4601 1376 4659 ΟειιΙοε
1395 4604 1484 4658 cordis
1496 4612 1601 4673 oportet
1617 4601 1738 4672 intelligi,
1754 4619 1787 4658 nc
1799 4602 1946 4658 delectabili
1959 4603 2067 4660 delectu

1278 4695 1378 4762 pocomi
1392 4694 1559 4748 claudantur.
2015 4714 2019 4729 ι

1287 4816 1292 4829 -
1313 4785 1339 4838 5·
1361 4769 1442 4857 [uerti
1455 4781 1501 4856 5.]
1517 4781 1659 4854 Ncqtrnnde
1674 4784 1740 4837 dicat
1754 4784 1871 4839 inimicus
1884 4802 1974 4840 otrus:
1990 4785 2065 4840 l’rte·

1277 4876 1347 4930 oalui
1364 4875 1482 4928 aduersus
1494 4891 1561 4931 eum.
1576 4874 1679 4930 Diaboli
1702 4876 1839 4931 insultatio
1861 4879 2000 4933 metuenda
2012 4888 2065 4935 εει.

1280 4965 1329 5031 Qui
1342 4963 1461 5018 tribulant
1475 4981 1514 5018 nte
1526 4965 1695 5030 exsultabunt,
1710 4967 1732 5021 ti
1747 4977 1830 5021 motus
1841 4970 1922 5039 fuae.
1939 4969 2066 5025 Diabolus

1277 5069 1306 5114 et
1323 5059 1409 5129 atrqeli
1430 5059 1488 5130 ejas
1501 5075 1508 5115 :
1522 5059 1567 5130 qui
1589 5074 1643 5114 noa
1662 5061 1861 5115 exsultaverunt
1879 5060 1913 5116 de
1924 5061 1996 5130 justo
2008 5063 2067 5116 uim

1276 5149 1337 5214 tob.
1350 5166 1411 5206 eum
1423 5166 1483 5205 cnm
1503 5151 1677 5216 tribularent;
1698 5151 1821 5221 quianon
1834 5162 1875 5207 est
1891 5163 1980 5207 motus
2004 5151 2066 5230 (dab

1277 5257 1296 5306 1,
1308 5237 1367 5313 ιι),
1379 5240 1405 5295 id
1417 5250 1468 5307 est,
1488 5241 1521 5296 de
1540 5242 1683 5297 stabilitate
1703 5242 1762 5296 llrlei
1784 5259 1836 5298 non
1855 5245 1975 5306 recessit,

1312 5335 1339 5388 d.
1356 5332 1436 5405 [uera.
1451 5331 1490 5405 6.]
1503 5331 1557 5403 qu
1570 5344 1652 5386 autem
1667 5335 1694 5387 iu
1712 5342 1756 5386 tna
1769 5335 1941 5388 nriscrieordia
1954 5338 2064 5406 sperari,

1277 5424 1342 5492 outa
1366 5422 1479 5491 idipsum
1499 5421 1568 5493 quod
1591 5438 1644 5477 mm
1669 5434 1786 5479 nrouetur
1810 5425 1889 5479 bomo
1903 5437 1929 5481 ct
1951 5428 2018 5481 druis
2038 5429 2065 5485 in

1278 5518 1390 5572 Dornino
1406 5525 1550 5585 permanet,
1567 5532 1620 5571 uon
1640 5516 1689 5571 sibi
1711 5516 1790 5574 debet
1803 5518 1930 5581 tribuere,
1951 5535 1984 5573 ne
2003 5536 2064 5576 cum

1278 5622 1307 5665 sc
1317 5607 1445 5678 gloriatur
1458 5609 1510 5662 nott
1521 5622 1580 5662 esse
1590 5617 1701 5669 tnattrm.
1714 5603 1769 5680 ipsa
1780 5610 1902 5678 superbia
1915 5622 2064 5667 mmeatnr.

1278 5699 1422 5755 Emultabit
1442 5715 1486 5753 eor
1500 5714 1582 5753 meum
1601 5699 1627 5752 ia
1648 5699 1754 5766 solodori
1772 5712 1836 5754 trra:
1852 5701 1877 5754 in
1896 5701 2015 5762 Christo,
2038 5704 2065 5758 in

1278 5791 1410 5860 Saprientia
1426 5790 1481 5844 Dei.
1501 5787 1612 5843 Cantaba
1626 5788 1736 5843 Domino
1750 5791 1792 5857 qni
1805 5793 1868 5850 bona
1883 5793 1967 5846 tribnit
1979 5794 2066 5854 ntilri:

1280 5882 1349 5938 bona
1364 5881 1520 5952 spiritualia,
1535 5895 1588 5935 nun
1601 5880 1634 5934 ad
1647 5881 1790 5935 ltumannm
1805 5881 1875 5938 diem
1895 5886 2063 5954 pertinentia.

1280 6039 1483 6154 ὴῑηᾞὲᾶεῑιιε
1494 6038 1582 6102 codex,
1592 6038 1662 6102 Juxta
1673 6045 1741 6089 lxx:
1761 6053 1789 6090 ne
1803 6053 1907 6102 nnqrmm
1921 6039 2069 6096 obdormiam
