5025 6925
480 691 519 750 49
1205 685 1395 755 ranetam.
1662 695 1667 704 ‘
2071 682 2105 738 20

483 805 573 871 llorte,
586 805 617 861 de
629 806 712 876 sora).
726 802 919 874 conprobatur
929 801 1041 875 denique
1052 801 1204 858 testimonio
1213 799 1496 868 VslalridiStrabouis,
1510 799 1585 868 euius
1596 813 1644 854 nos
1655 797 1721 853 inira
1741 798 1825 853 locum
1844 786 1944 854 sumus'
1953 796 2106 855 exhibituri.

519 894 619 952 Verum
629 896 692 953 illud
706 895 795 951 forsan
808 895 894 951 urinas
903 894 1069 964 exploratam
1082 904 1134 962 est,
1148 892 1196 951 sed
1209 899 1302 951 nostro
1310 889 1410 963 iudicio
1419 906 1467 947 sua
1481 905 1533 945 non
1546 898 1619 946 caret
1630 890 1870 957 verisimilitudine,
1887 892 2009 945 nimirum
2031 905 2105 943 rant-

484 988 545 1043 dem
558 990 627 1045 hane
639 1001 756 1045 nostram
772 988 911 1060 Vulgatam
922 989 1042 1058 potuisse
1054 988 1088 1044 ab
1100 987 1263 1059 Hieronymo
1272 986 1383 1056 epistola
1394 985 1445 1041 tas
1459 984 1512 1040 dici
1524 982 1730 1040 Traductiouem
1743 998 1776 1039 ex
1788 983 1912 1053 Heraplis
1925 998 1939 1037 a
1953 999 1982 1038 sc
1995 983 2106 1048 editam,

485 1078 557 1148 tyuod
572 1079 642 1133 illam
657 1079 757 1136 eisdem
771 1079 966 1149 exemplaribus
978 1078 1189 1134 consentientem
1209 1077 1356 1140 elleeisset;
1376 1076 1488 1146 epistola
1502 1089 1565 1129 sero
1578 1072 1707 1129 Paulines
1726 1073 1871 1129 Eustochio
1883 1074 1980 1141 scripta
1997 1070 2106 1125 Versic-

485 1187 547 1227 nem
563 1171 744 1226 tantummodo
763 1181 918 1237 correctam,
932 1170 1003 1242 quod
1018 1171 1133 1245 antiquae
1145 1170 1235 1234 rerba,
1255 1178 1384 1239 quantum
1405 1168 1430 1222 in
1452 1168 1510 1238 ipso
1526 1165 1622 1231 luerat,
1636 1167 1800 1223 retinuisset.
1814 1165 1886 1221 luter
1899 1164 1963 1219 allas
1976 1166 2106 1228 rationes,

486 1276 547 1332 quse
565 1276 614 1316 nos
636 1277 668 1317 eo
681 1261 830 1332 impellunt,
847 1261 904 1317 hace
919 1271 973 1329 est,
987 1262 1059 1335 quod
1074 1262 1198 1317 videlicet
1217 1262 1235 1315 ii
1256 1260 1396 1329 lucianus
1415 1259 1592 1331 Hieronymus
1605 1269 1666 1328 post
1687 1257 1782 1312 laetam
1804 1257 1964 1313 mentionem
1980 1257 2111 1311 versionis

483 1367 543 1409 suae
555 1367 588 1408 ex
605 1352 729 1423 Hexaplis
739 1353 882 1410 defendere
895 1355 1056 1426 aggreditur,
1068 1355 1095 1409 in
1108 1354 1296 1424 manuscriptis
1307 1353 1427 1424 Vulgatae
1441 1352 1577 1409 codicibus
1589 1353 1766 1423 reperiuntur.
1785 1352 1850 1407 Nam
1864 1353 1913 1407 etsi
1931 1352 2023 1408 eadem
2043 1352 2110 1407 Vul-
2194 1411 2198 1418 ,

485 1452 549 1514 gata
562 1443 588 1497 ia
603 1443 694 1499 Bibliis
706 1445 810 1500 excusis
822 1445 929 1511 habeat,
945 1445 1018 1502 verbi
1035 1447 1130 1517 gratia,
1145 1446 1213 1502 hane
1234 1448 1260 1500 in
1277 1447 1380 1517 psalmo
1392 1446 1494 1516 quinto,
1516 1445 1534 1517 y
1548 1483 1555 1499 .
1569 1445 1596 1505 9.
1610 1445 1762 1512 lectionem,
1776 1444 1865 1515 Diripe
1886 1446 2114 1515 irrumperentur

494 1536 561 1589 uiam
585 1552 677 1599 marn,
690 1552 749 1605 quus
762 1537 922 1609 Hieronymo
937 1554 990 1593 non
1001 1538 1127 1608 probatur
1139 1557 1145 1591 :
1159 1547 1276 1593 attamen
1289 1537 1316 1592 iu
1330 1536 1403 1593 ttss.
1416 1536 1489 1591 illam
1506 1537 1632 1603 ostendit,
1645 1553 1723 1608 quant
1737 1538 1881 1593 secundum
1891 1537 1963 1593 Lxx
1976 1537 2108 1606 luter-pre·

493 1639 535 1685 tes
550 1630 796 1700 legendam·astruit
809 1632 877 1687 idern
892 1632 1000 1699 bostar,
1018 1647 1124 1703 netnpe,
1144 1631 1231 1703 Diripc
1242 1632 1269 1685 in
1281 1639 1414 1701 conspeetu
1432 1647 1486 1685 meo
1504 1631 1571 1686 mam
1582 1639 1662 1686 tuam.
1676 1631 1751 1686 Haud
1772 1646 1849 1687 secas
1863 1632 1982 1686 existima
1997 1629 2030 1685 de
2047 1646 2114 1686 uoce

488 1731 571 1787 tense,
586 1738 665 1792 quatu
678 1723 777 1779 idcireo
789 1726 830 1795 ey
843 1765 849 1778 .
863 1726 880 1781 5
895 1726 987 1798 psalrpi
1000 1740 1070 1781 xsru
1084 1735 1111 1782 et
1123 1739 1139 1780 e
1158 1726 1225 1795 y.u
1240 1724 1308 1793 psal.
1325 1738 1389 1780 uxr
1403 1723 1452 1778 abs
1463 1724 1616 1780 sedclctam
1627 1724 1729 1789 scribit,
1741 1726 1800 1795 quia
1816 1740 1902 1795 neque
1916 1725 1942 1779 iu
1956 1723 2062 1780 hebraeo
2075 1726 2116 1781 le·

454 1816 457 1824 '
487 1814 558 1883 gitur
569 1830 654 1884 neque
672 1815 698 1869 in
712 1814 795 1879 Lxx,
810 1831 869 1885 qttac
881 1831 932 1870 vox
947 1817 1045 1887 pariter
1059 1815 1086 1871 in
1105 1816 1222 1886 Vulgata
1235 1830 1315 1871 manu
1329 1815 1444 1873 exaratis
1456 1813 1591 1869 codicibus
1605 1830 1658 1868 non
1673 1815 1813 1884 reperitur.
1835 1815 1868 1869 Et
1879 1821 1970 1868 eorttra
1984 1824 2071 1869 exstat
2085 1816 2111 1869 iu

487 1901 521 1957 iis
531 1919 580 1959 vox
595 1921 677 1970 suam,
687 1921 767 1977 quarn
783 1906 809 1960 ia
822 1905 945 1977 llexaplis
956 1906 1078 1962 subrent
1092 1905 1207 1962 additam
1233 1920 1295 1961 cum
1309 1905 1487 1978 Hieronymus
1500 1907 1642 1977 reperisset
1652 1905 1677 1961 in
1687 1907 1724 1976 y.
1739 1905 1861 1977 lipsalmi
1870 1921 1944 1972 xvsti,
1959 1905 2115 1960 servandam

488 1993 658 2049 existimarit.
1208 2045 1212 2052 ,
1561 2057 1562 2061 ¹

430 2148 433 2153 ,
524 2085 605 2141 Horte
618 2087 697 2143 etiam
709 2088 851 2159 eontigerit
863 2096 892 2144 ot
905 2103 936 2144 ea
952 2087 1056 2155 Versio,
1074 2088 1150 2159 crtjos
1162 2090 1228 2146 certi
1239 2090 1293 2146 loci
1312 2089 1423 2148 sunnia
1441 2097 1469 2144 et
1483 2087 1606 2155 Fretelae,
1621 2089 1666 2159 qui
1679 2086 1810 2160 degebant
1829 2087 1855 2142 ia
1869 2086 2021 2154 Gerutania,
2036 2104 2115 2159 nego·

489 2181 556 2235 tium
571 2178 746 2244 incessebant,
755 2180 810 2250 jam
825 2180 886 2236 inde
898 2181 983 2237 abhis
993 2181 1157 2253 temporibus
1170 2182 1198 2238 in
1211 2182 1313 2239 Gallias
1324 2181 1495 2253 peruenerit:
1510 2180 1639 2251 quamvis,
1650 2180 1672 2236 si
1683 2178 1840 2251 quibusdam
1853 2178 1982 2233 habeatur
1996 2180 2072 2245 fides,
2083 2198 2116 2234 eo

459 2254 464 2263 ’
490 2284 544 2325 ιιοιι
558 2270 608 2324 nisi
626 2281 687 2339 post
698 2287 783 2326 annos
795 2271 909 2342 amplius
923 2273 974 2329 lili
992 2287 1024 2329 ex
1041 2273 1111 2330 Urbe
1127 2274 1227 2343 perlata
1241 2276 1286 2331 sit.
1307 2275 1373 2329 lllnd
1387 2282 1500 2329 testatur
1512 2272 1660 2329 Valslridus
1676 2271 1770 2328 Strabo
1781 2271 1815 2326 dc
1829 2270 1909 2327 rebus
1922 2271 2116 2335 Ecclesiasticis

489 2377 549 2432 cap.
562 2363 598 2418 25
608 2364 633 2418 in
644 2363 701 2419 haec
711 2366 790 2419 rerba
803 2362 937 2420 :Pserimos
949 2376 1032 2420 autem
1048 2382 1106 2419 eam
1118 2366 1255 2420 seeundum
1266 2365 1314 2421 tr
1315 2365 1342 2421 Χ
1346 2366 1368 2421 -1
1372 2376 1507 2437 nterpretes
1517 2364 1626 2420 Rotnani
1638 2364 1721 2418 adbuc
1731 2363 1847 2427 istudeant,
1862 2361 1929 2416 Galli
1942 2373 1965 2415 et
1978 2362 2119 2418 Germano-

489 2473 548 2511 mm
564 2456 642 2527 aliqui
654 2457 791 2513 meandum
804 2458 1011 2522 emendationem,
1029 2476 1105 2531 quarn
1119 2458 1290 2531 Hieronymus
1304 2472 1374 2532 pater
1392 2463 1424 2516 de
1436 2460 1511 2516 LXX
1526 2463 1634 2516 editione
1649 2463 1800 2534 composuit,
1825 2461 1976 2516 psalterium
1996 2470 2119 2515 cautant:

490 2566 568 2616 mam
578 2548 715 2622 Gregorius
731 2549 883 2607 Turonensis
901 2552 1034 2622 episeopus
1049 2553 1189 2622 apartibus
1204 2552 1328 2608 Romanis
1341 2563 1493 2620 mutuatum,
1511 2555 1538 2607 in
1553 2552 1696 2608 Galliarum
1708 2555 1801 2608 dieitur
1813 2553 1940 2608 Ecclesiae
1954 2553 2118 2607 transtulisse.

491 2641 580 2697 llocoe
598 2642 764 2704 Psalterium,
778 2641 859 2712 quod,
872 2644 933 2714 quia
953 2643 999 2697 illo
1011 2643 1089 2713 primi
1102 2643 1218 2697 omniurn
1232 2643 1301 2700 Galli
1315 2645 1355 2699 usi
1372 2654 1444 2710 sunt,
1459 2643 1629 2699 Gallicanum
1644 2655 1764 2711 vocatur,
1783 2646 1882 2699 sensim
1898 2646 1922 2698 iu
1938 2659 2032 2699 ornnes
2044 2645 2116 2701 ocal

490 2732 612 2787 deutalcs
625 2731 759 2787 Ecelesists
769 2731 819 2787 luit
828 2726 979 2804 receptum.
991 2732 1039 2787 Vir
1053 2733 1158 2789 eximiae
1172 2733 1333 2790 eruditionis
1345 2748 1376 2788 ac
1387 2735 1436 2803 piae
1448 2733 1593 2800 memoriae,
1609 2733 1756 2789 cardinalis
1770 2734 1852 2797 Hona,
1868 2733 1902 2789 dc
1916 2735 1994 2789 rebus
2004 2734 2120 2808 Litorgi-

490 2825 585 2881 cislib.
598 2821 627 2891 2,
638 2839 697 2893 cap.
709 2824 736 2889 ὅ,
749 2834 841 2878 censet
850 2823 908 2893 ejus
921 2840 996 2879 usum
1007 2833 1070 2880 aute
1083 2840 1168 2880 anuos
1183 2823 1282 2880 abhinc
1291 2834 1432 2882 sexcentos
1444 2825 1588 2879 admissum
1601 2825 1627 2878 in
1638 2822 1710 2879 italia
1721 2823 1813 2892 luisse,
1830 2834 2005 2895 preterquam
2024 2826 2050 2879 in
2063 2826 2117 2878 lle·

398 2923 417 2940 '¹
490 2915 640 2973 molinensi
656 2914 786 2982 Ecclesia,
801 2931 860 2984 quac
874 2916 1012 2986 antiquum
1031 2931 1108 2971 suunt
1121 2916 1278 2972 Psalterium
1297 2917 1430 2987 hodieque
1447 2917 1561 2984 retinet;
1577 2925 1751 2986 praeterquam
1765 2918 1844 2971 etiarn
1856 2918 1882 2971 iu
1897 2916 1977 2972 breis
1990 2917 2117 2971 Ecclesils

493 3012 521 3067 iu
536 3009 631 3081 quibus
644 3007 779 3077 proprium
792 3023 868 3063 suunt
881 3009 999 3064 obtinuit
1012 3007 1045 3063 ad
1056 3018 1161 3065 atatem
1176 3025 1257 3080 usque
1269 3010 1307 3066 Pii
1319 3009 1352 3077 V,
1367 3011 1442 3081 cttjus
1452 3009 1528 3081 jussu
1539 3009 1592 3064 illue
1608 3009 1743 3080 Vulgataut
1756 3008 2036 3078 edittouernanptcxra
2046 3019 2120 3075 suut,

497 3109 609 3171 excepta
620 3114 671 3154 una
684 3097 819 3162 Vaticana,
831 3099 875 3153 ubi
885 3099 966 3154 etiam
978 3114 1050 3154 nunc
1060 3098 1210 3155 Humanum
1224 3101 1328 3155 canitur
1341 3100 1509 3156 Psalterium.

530 3193 578 3249 His
591 3190 625 3247 ad
637 3205 697 3247 eum
712 3190 819 3245 modum
833 3190 962 3261 expositis
975 3191 1026 3247 erit
1037 3188 1147 3249 forsitan
1159 3192 1204 3263 qui
1220 3206 1300 3249 nosse
1311 3193 1402 3264 ,cupiat
1411 3208 1490 3263 quem
1504 3193 1591 3248 locunt
1604 3193 1672 3248 inter
1685 3192 1735 3247 alia
1750 3192 1876 3247 Psalteria
1895 3191 2116 3262 Augustiniannm

492 3288 544 3343 sibi
555 3286 691 3349 vindicem
705 3300 738 3339 an
753 3284 833 3338 rariae
848 3283 900 3338 illm
911 3283 1050 3351 lectiones,
1063 3287 1089 3340 in
1100 3284 1199 3355 ryuibrts
1212 3300 1227 3339 a
1239 3284 1350 3356 Vulgata
1360 3294 1451 3341 nostra
1461 3285 1579 3350 dissidet,
1591 3285 1702 3340 aliorum
1715 3283 1840 3355 suffragio
1855 3284 2015 3348 innitentem
2030 3294 2120 3338 utrum

492 3380 599 3437 tandem
613 3396 673 3436 cum
692 3394 780 3451 graeeo
792 3375 865 3433 Lxx
885 3375 1072 3448 interpretaur,
1085 3377 1155 3448 qaod
1177 3389 1268 3434 nostra
1288 3379 1339 3435 hac
1360 3381 1486 3436 memoria
1506 3389 1600 3444 exstat,
1616 3380 1675 3450 plus
1689 3383 1808 3435 ruinosae
1827 3381 1984 3436 consentiat.
2005 3380 2044 3433 Eu
2061 3391 2122 3433 suut

414 3507 421 3524 .
492 3488 554 3545 quaa
569 3473 645 3529 nobis
658 3472 789 3527 indurare
803 3471 828 3526 in
844 3470 972 3539 anianum,
986 3478 1015 3524 ut
1027 3469 1188 3539 exemplaria
1200 3470 1317 3539 diversa,
1330 3479 1385 3526 tunt
1397 3472 1479 3542 prelo,
1491 3480 1546 3526 tum
1560 3471 1661 3527 calamo
1675 3472 1743 3527 editt
1754 3473 1944 3539 coulcrremus,
1961 3488 1992 3527 ac
2004 3472 2121 3526 varieta-

493 3572 534 3617 tes
549 3562 665 3618 maxime
677 3562 801 3632 insignes,
816 3575 882 3630 quas
899 3559 1133 3630 deprehendimus,
1148 3562 1238 3618 lectori
1254 3548 1471 3635 proponeremus.
1488 3564 1539 3620 Has
1552 3564 1631 3634 igitur
1644 3564 1710 3618 inira
1731 3562 1844 3619 habituri
1863 3565 1937 3632 estis,
1953 3580 2012 3620 eum
2032 3565 2121 3618 locunt

494 3668 576 3709 utrum
592 3645 797 3725 praemiserimus
816 3668 832 3708 e
845 3652 912 3707 libro
925 3653 958 3706 ll
977 3645 1136 3709 decivitate
1153 3655 1211 3721 lici,
1224 3655 1268 3709 ubi
1283 3655 1455 3726 Augustinus,
1470 3669 1529 3724 quse
1544 3670 1591 3709 sua
1605 3655 1638 3709 sit
1651 3654 1684 3710 de
1697 3655 1824 3710 Psalterio
1840 3655 1964 3712 Dauidica
1977 3655 2121 3721 scrutantis,

493 3748 639 3819 expromit.

1027 3884 1596 3963 ..mmmm-

831 4072 833 4076 ⁵
878 4089 935 4150 EX
959 4090 1078 4151 LlBHO
1096 4091 1185 4152 XVII
1202 4092 1254 4152 DE
1268 4092 1457 4154 ClVlTATH
1471 4092 1551 4163 aut,
1567 4094 1653 4155 CAP.
1673 4095 1767 4168 xiv,

1102 4298 1143 4339 DE
1161 4297 1350 4342 PSALMOHUH
1374 4296 1530 4340 AUCTORE.

529 4467 593 4523 Erat
607 4468 690 4523 Dauid
702 4470 740 4523 uir
750 4469 777 4524 in
791 4471 894 4525 canticis
908 4471 1030 4536 eruditas,
1042 4472 1085 4540 qai
1094 4472 1250 4525 harmoniam
1261 4470 1382 4524 madeant
1396 4487 1446 4524 nau
1458 4472 1556 4541 sulpuri
1566 4471 1701 4539 uoluptate,
1713 4471 1757 4526 sed
1771 4471 1840 4541 fideli
1854 4474 1979 4526 uoluntate
1991 4474 2125 4540 dilexerit:
2137 4417 2154 4464 ι

381 4625 390 4637 ,
494 4575 571 4632 eaque
583 4560 638 4616 Dea
649 4578 705 4628 suo,
718 4562 760 4631 pai
771 4576 843 4615 uerus
854 4571 891 4615 est
903 4559 982 4627 Deus,
997 4563 1102 4633 mpstiaa
1115 4562 1151 4615 res'
1161 4577 1259 4631 mapnae
1270 4562 1425 4631 pparatione
1437 4562 1559 4616 servierit.
1577 4560 1740 4618 Diuersarum
1752 4563 1818 4617 enim
1834 4580 1951 4617 sartorum
1966 4565 2123 4621 rationabilis
2142 4602 2144 4604 -

494 4654 687 4724 moderatusque
704 4664 848 4725 concentus,
864 4654 981 4708 concordi
998 4657 1115 4709 arnume
1133 4663 1288 4724 conspectam
1300 4653 1361 4708 irene
1378 4654 1502 4708 ordinatae
1515 4655 1621 4709 ciuitatis
1641 4656 1753 4711 insinuat
1770 4657 1898 4711 unitatem.
1915 4657 2028 4727 Denique
2041 4662 2123 4714 ansuis

435 4770 439 4778 ¹
496 4751 550 4819 {ere
563 4749 693 4820 prophetia
706 4751 763 4821 ey'us
773 4749 800 4803 in
810 4746 921 4802 Psalmis
930 4756 989 4802 est:
1003 4764 1065 4818 quos
1079 4758 1177 4803 eentum
1190 4747 1373 4819 quinquaginta
1387 4748 1448 4801 liber
1462 4749 1580 4815 sentinet,
1593 4765 1666 4819 prtem
1678 4748 1838 4805 Psalmarum
1850 4767 1965 4805 uaeanrus
1979 4754 2125 4825 :inquibus

493 4842 613 4898 nonnulii
626 4844 723 4910 uolunt,
737 4859 778 4897 eas
790 4842 856 4897 salas
870 4845 951 4913 saetas
963 4858 1043 4896 essea
1058 4841 1150 4905 Dauid,
1162 4842 1205 4913 qui
1217 4841 1273 4913 ey'm
1289 4841 1389 4896 nemine
1402 4841 1516 4912 inscripti
1528 4852 1585 4896 sunt
1596 4857 1606 4897 .·
1618 4853 1676 4898 sunt
1687 4846 1762 4898 etiam
1777 4845 1820 4916 qui
1833 4856 1921 4915 putant
1936 4824 1986 4900 non
1996 4847 2027 4900 ai
2040 4866 2069 4901 eo
2082 4854 2096 4918 s
2110 4878 2123 4886 -

495 4947 558 5000 etos,
579 4937 629 4991 m'si
646 4937 689 5007 pai
702 4943 883 5007 prenotanlur,
899 4932 983 5005 ipsius
1002 4933 1098 4999 David;
1114 4935 1156 5005 tyrsi
1174 4950 1231 4988 aero
1252 4932 1344 4987 lanient
1356 4932 1383 4986 in
1401 4933 1490 4998 titulis,
1512 4932 1563 5003 lpsi
1576 4935 1669 4999 David,
1684 4935 1714 4989 ab
1735 4937 1792 4990 aliis
1806 4940 1897 5006 saetas,
1914 4953 2026 5005 persona
2040 4939 2121 5008 ipsius

497 5029 575 5109 puisse
586 5039 725 5098 coaptatos.
740 5027 804 5094 Qum
816 5027 901 5097 opinio
916 5043 973 5080 aare
987 5027 1130 5096 evangeliea
1143 5024 1285 5081 saluatoris
1298 5025 1377 5095 ipsius
1390 5025 1526 5094 refutatur,
1542 5025 1585 5079 nbi
1597 5027 1644 5093 ait,
1657 5025 1725 5097 quad
1733 5027 1787 5097 ipse
1799 5026 1881 5081 Dauid
1894 5028 1921 5081 iu
1935 5028 2032 5097 Spiritu
2046 5015 2123 5082 Cirri-

496 5131 561 5173 stum
574 5120 664 5176 dixerit
675 5138 727 5175 esse
739 5137 813 5175 suum
825 5120 960 5174 Dominum
978 5117 1083 5190 (diuitis.
1100 5133 1164 5184 xxti,
1176 5117 1223 5191 ii)
1240 5135 1247 5172 :
1260 5118 1379 5190 quoniam
1392 5117 1505 5189 psalmas
1516 5119 1665 5173 centesimas
1677 5137 1759 5173 nonus
1770 5121 1807 5174 sie
1821 5120 1930 5191 insipit:
1945 5122 2013 5176 bixit
2032 5122 2124 5176 bumi-

497 5226 549 5265 xrus
559 5211 758 5277 ilentino'meo,
772 5211 842 5268 Sede
855 5227 869 5264 a
890 5210 992 5266 dextris
1005 5210 1083 5275 meis,
1099 5207 1185 5264 donec
1205 5225 1300 5278 ponam
1319 5210 1441 5267 inimicos
1457 5218 1515 5264 tuos
1533 5210 1675 5265 scabellum
1690 5211 1785 5281 pedum
1803 5221 1918 5268 tuorum.
1933 5211 1967 5268 Et
1979 5225 2043 5267 certe
2056 5215 2123 5269 idem

497 5301 612 5370 psaltrias
624 5319 674 5356 nan
692 5300 766 5356 hadel
779 5303 806 5356 s'n
820 5301 903 5368 titula,
920 5302 1003 5373 ipsias
1021 5299 1119 5365 [sarim
1130 5300 1175 5354 sed
1191 5301 1241 5369 ipsi
1255 5300 1347 5364 David,
1363 5302 1427 5355 sicut
1443 5301 1554 5373 plurimi.
1570 5301 1635 5363 tlibi
1647 5312 1730 5356 antem
1745 5303 1889 5359 credibilius
1904 5306 2017 5360 uidentur
2034 5307 2122 5360 existi·

497 5409 578 5459 nsure,
593 5395 635 5462 qui
648 5409 733 5448 amnes
745 5394 802 5448 iilos
812 5403 910 5448 eentum
923 5393 1105 5466 quinquaqinta
1116 5391 1234 5447 Psalruas
1248 5395 1303 5463 ey'as
1314 5395 1384 5462 aperi
1398 5393 1520 5460 triiumu,
1535 5409 1639 5464 satrapae
1651 5394 1748 5463 aliquas
1761 5406 1913 5464 memorasse
1925 5399 2001 5451 etiam
2018 5400 2126 5453 nantini-

498 5485 543 5539 ius
555 5485 674 5547 aliorsum,
686 5483 783 5554 aliquid
794 5485 860 5554 puori
876 5485 910 5538 ad
927 5502 980 5539 rem
996 5485 1116 5555 pertineat
1129 5484 1295 5556 ppurantiirss
1305 5498 1315 5539 :
1327 5493 1430 5538 eoelmos
1451 5494 1535 5540 autem
1548 5484 1646 5540 nuliius
1660 5485 1768 5540 hominis
1787 5504 1878 5543 nomeu
1895 5489 1921 5542 in
1939 5489 2018 5544 titulis
2037 5491 2128 5545 ltabere

498 5575 606 5629 saluisse
616 5589 627 5639 ,·
638 5575 738 5629 sieutei
756 5575 883 5630 uarietatis
895 5575 970 5645 iuius
985 5576 1183 5649 dispositionem,
1194 5575 1307 5646 mausuis
1317 5574 1477 5641 Hteirosam,
1493 5593 1544 5631 stou
1558 5586 1640 5632 tamea
1653 5578 1764 5642 inanem,
1780 5578 1902 5635 dontinus
1911 5575 2052 5649 inspirarit.
2070 5582 2127 5638 Nec

499 5685 597 5723 mosne
606 5668 676 5722 debet
690 5668 723 5721 ad
734 5667 781 5721 itae
793 5683 843 5721 non
856 5666 1017 5734 eredendum,
1030 5668 1098 5738 guod
1111 5669 1290 5722 nonnullorum
1304 5668 1407 5721 nomina
1420 5667 1615 5739 Prophetarum,
1627 5670 1671 5740 qui
1681 5669 1755 5741 ionpe
1768 5682 1824 5741 post
1835 5672 1918 5726 Dauid
1928 5674 1993 5744 regis
2007 5684 2125 5743 teutpara

501 5763 610 5834 pserunt,
625 5762 774 5828 quibusdam
788 5759 892 5832 psalmis
903 5759 930 5813 in
948 5775 979 5812 eo
995 5759 1058 5828 libre
1068 5760 1185 5828 leguntur
1199 5761 1331 5831 inscripta,
1352 5768 1376 5813 et
1386 5775 1442 5829 qua
1453 5761 1488 5814 iii
1502 5761 1630 5824 dieantur,
1643 5763 1709 5816 uelut
1727 5762 1758 5816 air
1778 5764 1814 5818 eis
1830 5763 1880 5817 diei
1891 5763 2015 5819 uidentur.
2036 5763 2126 5833 Neque

500 5856 566 5908 enim
576 5869 625 5906 nan
637 5854 719 5923 patuit
730 5852 888 5923 propheticus
901 5851 1012 5921 Spiritus
1023 5852 1181 5921 prophetanti
1194 5853 1246 5923 regi
1257 5851 1340 5907 iiasid
1349 5853 1402 5908 issae
1411 5854 1487 5907 etiam
1496 5857 1640 5925 futurarum
1651 5852 1839 5927 Prophetarum
1850 5857 1952 5910 nomina
1966 5858 2083 5923 revelare,
2097 5871 2125 5910 ut

499 5948 596 6011 alicuid
608 5947 673 6016 gaad
683 5963 770 6001 eorum
785 5962 897 6015 persana
911 5945 1061 6011 carsueniret,
1073 5943 1216 6014 prophetiae
1227 5955 1371 6001 suntmesr
1384 5945 1467 6001 :siem
1479 5963 1525 6001 rea
1537 5945 1622 6001 iosias
1635 5959 1767 6004 eaarturus
1780 5958 1805 6004 et
1814 5959 1962 6020 regnaturus
1978 5959 2033 6018 poss
2043 5964 2124 6004 annus

501 6043 611 6115 surptus
621 6058 696 6113 guam
708 6051 839 6109 trecentas,
852 6039 951 6093 cuidam
963 6031 1102 6110 propbeta,
1116 6036 1159 6108 gui
1170 6028 1245 6120 dimas
1253 6037 1322 6110 [aaa
1331 6039 1387 6112 sy’tts
1398 6040 1485 6112 [mura
1496 6040 1623 6112 predixit,
1637 6058 1694 6098 cum
1706 6060 1753 6100 stro
1765 6043 1864 6100 saurim
1875 6043 1999 6100 rmslasus
2012 6054 2058 6099 est.
