5025 6925
440 662 494 721 315
1052 652 1082 711 S.
1103 643 1283 708 nucustutt
1303 644 1454 705 uesscort
2014 651 2069 716 {ild

440 772 529 844 ntnssui
548 765 797 838 erisilidorum,
818 764 844 822 ld
868 776 908 822 est
923 763 1046 828 nuntius.
1063 763 1185 819 im'roittet
1200 761 1225 815 iu
1282 757 1401 830 Respicis
1415 761 1486 817 enirn
1508 762 1606 818 multus
1619 762 1714 818 diuites
1726 760 1829 833 iuirptos
1847 765 1914 820 mori
1931 762 1957 821 iu
1970 764 2077 824 uirtutis

441 879 491 923 ons
501 862 545 936 qui
561 863 654 918 timent
673 858 827 925 [turturinum¹
842 868 870 913 et
881 874 957 914 eruet
974 873 1029 915 eus.
1044 855 1102 911 Noli
1116 870 1179 925 erpo
1193 854 1227 908 ti·
1280 850 1346 918 suis,
1367 867 1420 908 uon
1440 853 1522 908 laetos
1543 852 1626 910 luisse
1646 869 1787 926 pauperes,
1802 870 1861 910 eum
1875 855 1982 921 virunt;
1997 856 2078 915 rides

441 973 513 1014 rurore
526 969 560 1011 ne
573 955 654 1009 lateus
665 969 673 1007 ι
685 951 844 1022 ubicunque
858 950 997 1020 [terminum
1012 945 1142 1008 timueris.
1155 945 1228 1000 notit
1281 944 1342 1000 illos
1353 958 1503 1013 senescere,
1517 945 1624 1016 perduci
1634 945 1667 1001 od
1676 945 1798 1000 ultimum
1809 947 1870 1001 uite
1882 946 1951 1001 inter
1962 962 2079 1018 rrtrtguas

441 1058 468 1106 tu
482 1048 526 1104 ille
539 1045 654 1116 Angelus
668 1044 712 1113 qui
731 1042 854 1098 immittet
868 1041 894 1097 iu
907 1038 1035 1105 circuitu,
1049 1047 1077 1095 et
1095 1045 1171 1094 eruet
1190 1045 1226 1091 te.
1280 1036 1371 1107 copias
1384 1036 1553 1102 divitiorum,
1569 1037 1698 1093 celebrari
1719 1038 1759 1093 eis
1782 1052 1903 1108 pompam
1923 1037 2027 1096 luu'uit
2049 1040 2077 1097 iu

372 1190 379 1203 ,
477 1137 520 1193 l‘l.
543 1134 618 1209 [terr.
641 1129 682 1208 9.]
703 1136 803 1205 riperto
825 1132 904 1187 modo
927 1131 961 1187 de
982 1131 1040 1203 ipso
1060 1135 1228 1185 sacramento
1281 1127 1384 1198 magnis
1402 1126 1592 1194 effusionibus,
1624 1128 1734 1198 perduci
1757 1143 1839 1199 usquo
1866 1130 1900 1185 od
1921 1129 2078 1201 sepulerum

440 1226 497 1284 ruit
517 1225 625 1294 dicere,
647 1238 700 1296 uuo
718 1225 727 1258 ¹
749 1223 880 1281 lerelntur
899 1223 925 1278 iu
947 1223 1068 1279 matribus
1085 1220 1150 1277 suis.
1172 1219 1227 1277 Gu-
1280 1221 1400 1286 divitem,
1413 1221 1457 1292 qtri
1471 1230 1497 1276 et
1510 1221 1652 1292 exspiravit
1674 1221 1700 1275 iu
1714 1222 1789 1278 lectis
1801 1221 1936 1287 eltnensis,
1957 1221 2076 1279 simum·

385 1351 388 1355 ·
437 1328 513 1384 utute,
533 1327 557 1373 et
574 1313 654 1373 uidete
667 1318 786 1390 quonium
802 1301 910 1370 ’ruoi'r
928 1323 964 1370 ert
977 1311 1113 1370 Derrriuur.
1134 1314 1228 1372 Notum
1281 1310 1380 1368 lleute¹
1394 1310 1492 1367 laturilin
1505 1327 1632 1378 suorum;
1646 1321 1672 1368 et
1684 1313 1750 1368 dieis
1765 1314 1791 1368 in
1802 1315 1891 1368 auimo
1902 1324 1959 1378 tuo,
1973 1313 2076 1369 silorm

439 1410 527 1482 operit
546 1425 576 1468 se
590 1410 601 1442 ⁸
616 1409 750 1476 issimus,
765 1418 793 1465 et
811 1405 927 1464 ostendit
941 1408 987 1463 tibi
1001 1408 1071 1463 illum
1093 1409 1170 1479 qrtosi
1184 1409 1243 1479 iu·¹
1281 1405 1350 1460 nosti
1371 1404 1460 1474 aliqua
1480 1415 1505 1458 et
1530 1415 1636 1481 pecentu
1658 1416 1685 1460 et
1699 1407 1800 1461 seelera
1816 1407 1899 1478 ipsius
1915 1423 1922 1460 :
1938 1405 1997 1476 Ego
2015 1408 2074 1463 ιιιιιι

439 1502 542 1559 sanium
559 1510 587 1556 et
606 1501 720 1557 turonem
741 1495 924 1565 constantem,
940 1514 1031 1554 sunam
1052 1500 1180 1555 insanium
1201 1509 1229 1558 et
1280 1507 1378 1569 qtruuta
1400 1497 1493 1553 lecerit
1507 1499 1559 1554 iste
1579 1499 1676 1562 lrotuo;
1692 1514 1754 1555 ecee
1776 1501 1880 1562 senuit,
1896 1514 2018 1575 urtrrruus
2035 1505 2075 1557 est

440 1594 556 1650 sotntnu
571 1593 725 1650 elrrietntem
745 1593 814 1648 illius
828 1591 920 1658 david,
936 1593 980 1662 uui
998 1593 1024 1646 iu
1041 1592 1122 1668 iugurro
1137 1594 1229 1649 neseio
1281 1590 1307 1644 iu
1320 1590 1389 1646 leeto
1402 1592 1461 1658 suo,
1475 1590 1611 1646 deducunt
1621 1591 1695 1646 illunt
1707 1591 1758 1657 sui,
1779 1586 1874 1660 pont‘pn
1888 1600 1961 1646 tants
1976 1590 2075 1647 itineris

441 1685 503 1754 utrid
518 1685 681 1751 ostendebat,
698 1684 803 1755 quondo
816 1684 853 1740 illi
868 1699 901 1739 ex
915 1699 1027 1754 persona
1040 1684 1109 1756 regis
1123 1682 1230 1741 ‘deltis
1281 1682 1431 1737 eetebrutur
1446 1700 1452 1735 :
1469 1697 1519 1749 epo
1533 1681 1595 1737 not-i
1615 1698 1674 1752 quae
1695 1680 1802 1747 lecerit;
1824 1682 1928 1753 decepit
1942 1698 1988 1738 rue
2002 1684 2076 1739 Seri·

442 1778 585 1845 dixerunt,
607 1776 745 1846 Quomodo
762 1777 819 1833 est?
840 1777 945 1849 qttaudu
960 1777 1061 1833 dicebat
1085 1777 1228 1841 lioruiuus,
1281 1784 1367 1843 ptum,
1381 1780 1408 1828 et
1422 1771 1522 1839 lelellit‚
1540 1773 1584 1829 ulti
1599 1773 1678 1828 audio
1691 1783 1717 1828 et
1729 1784 1829 1828 conto:
1846 1771 1943 1828 Diuites
1955 1783 2076 1846 emant

443 1869 471 1924 tt
473 1870 504 1924 iri
523 1869 579 1940 puis
599 1868 785 1924 manducaverit
797 1885 898 1922 curnem
911 1885 1009 1934 meum,
1025 1878 1049 1922 et
1063 1867 1149 1923 diberit
1167 1884 1229 1923 ron·
1281 1875 1304 1920 et
1316 1866 1467 1921 rennuunt.
1477 1865 1589 1933 Quando
1604 1867 1653 1921 iste
1664 1866 1739 1936 inops
1753 1865 1818 1920 luit?
1827 1866 1932 1935 quurrdo
1946 1866 2077 1922 esttririti

443 1960 543 2031 quinem
554 1976 645 2026 meunt,
665 1976 716 2014 uon
731 1959 829 2014 iubebit
842 1960 869 2014 in
882 1976 909 2015 re
922 1960 1018 2014 ritum?
1030 1959 1063 2014 Et
1077 1959 1114 2013 illi
1129 1959 1154 2013 iu
1168 1959 1229 2029 uui·
1282 1956 1441 2027 inquirentes
1452 1969 1535 2012 nutem
1548 1954 1684 2012 Dourinum
1697 1974 1746 2012 uon
1761 1958 1906 2012 nriuueutur
1919 1959 1991 2013 omni
2010 1957 2076 2013 bono

443 2049 493 2106 ltus
507 2050 634 2122 regnabat
645 2051 735 2117 Aciris,
751 2050 776 2105 id
791 2060 846 2119 est,
860 2066 936 2106 error
950 2059 978 2106 et
990 2050 1151 2122 ignorantia,
1166 2048 1230 2119 quid
1283 2048 1370 2120 (Psoi.
1384 2066 1468 2106 xrrur
1481 2091 1488 2115 .
1503 2047 1558 2124 lt).
1572 2048 1697 2117 Quotidie
1708 2051 1741 2106 ad
1755 2050 1891 2107 basilicam
1903 2064 1996 2120 surgo,
2007 2065 2076 2121 qum-

444 2142 586 2199 dixeruut?
613 2141 744 2210 Quomodo
766 2142 812 2197 r'rte
837 2142 926 2213 poterit
949 2142 1019 2197 nodis
1045 2141 1106 2196 dore
1128 2157 1230 2195 curnem
1283 2142 1520 2214 tidiegeuullecto‚
1535 2143 1653 2213 quotidie
1674 2142 1778 2212 inquiro
1795 2141 1946 2208 Dominum,
1966 2150 1994 2196 et
2009 2140 2075 2197 uiltil

443 2251 515 2289 mum
528 2233 781 2307 nrouducnreiloon.
793 2250 830 2302 nt,
841 2235 886 2301 55,
898 2232 964 2305 itit
976 2232 1003 2288 Si
1016 2233 1131 2304 ignoras,
1142 2243 1229 2304 gusta,
1282 2237 1344 2292 unni
1361 2236 1447 2292 habeo
1461 2253 1469 2290 ε
1492 2236 1542 2292 iste
1564 2249 1617 2291 uon
1639 2235 1774 2306 inquisivit
1796 2234 1990 2299 [inminutum
2006 2234 2077 2291 intr-t

443 2336 471 2382 et
483 2327 543 2383 vide
560 2326 684 2397 quoniam
703 2326 791 2382 suauis
810 2333 852 2381 est
872 2325 1018 2380 Dominus:
1033 2325 1056 2381 si
1069 2333 1157 2380 auteur
1177 2338 1230 2378 nou
1284 2337 1355 2382 touta
1369 2326 1437 2381 ltoua
1449 2325 1589 2382 delituetus
1601 2327 1660 2382 est!
1679 2325 1724 2382 Sie
1736 2324 1896 2396 cogitantem
1909 2321 2028 2380 suliotnt
2039 2323 2078 2379 ir·

444 2415 581 2489 intelligis,
602 2432 693 2472 retes
709 2415 800 2472 deltis.
814 2414 964 2471 immutabit
977 2415 1071 2471 facient
1086 2431 1161 2471 suunt
1177 2413 1229 2469 ltu·
1282 2435 1367 2492 quens
1397 2418 1528 2474 scandali.
1553 2419 1647 2474 Esenrn
1671 2415 1742 2473 enirtt
1766 2417 1904 2472 uturtalern
1928 2414 2026 2485 querit
2050 2415 2078 2471 itt

444 2507 498 2572 rid.
514 2516 543 2564 et
557 2507 663 2565 reoedet
679 2516 745 2577 ate,
761 2516 787 2563 et
798 2505 912 2564 dimittet
925 2515 961 2572 te,
976 2517 1004 2563 et
1016 2506 1107 2562 abibit.
1154 2539 1157 2545 ι
1283 2522 1374 2576 terra,
1395 2521 1423 2567 et
1436 2527 1525 2567 uerum
1548 2509 1697 2566 ruroroedem
1714 2523 1766 2563 nou
1788 2507 1884 2578 querit
1899 2507 1925 2562 iu
1941 2507 2030 2569 cetu,
2051 2515 2079 2562 et

481 2595 529 2655 tt.
543 2596 637 2654 Beatus
649 2598 687 2652 oir
700 2598 743 2670 qai
754 2607 838 2671 sperat
849 2599 875 2653 in
889 2615 955 2654 eum.
969 2597 1024 2655 lloe
1034 2598 1096 2669 quid
1112 2613 1178 2669 opus
1191 2606 1233 2655 est
1283 2603 1365 2658 mittit
1379 2612 1458 2673 eaput
1479 2603 1505 2658 iu
1523 2602 1644 2672 laqueum
1668 2600 1786 2666 dioboli,
1809 2600 2032 2671 constringuntur
2052 2599 2078 2655 ni

444 2686 489 2747 1111
503 2689 616 2760 111Ρο1111
634 2688 759 2760 Quis‘lUis
777 2705 830 2746 11011
851 2699 940 2760 Sl)emt
958 2690 984 2744 111
1002 2689 1233 2756 110111111οι11ῑὸ01
1283 2697 1394 2760 lauces,
1416 2707 1444 2752 et
1456 2705 1529 2752 tenet
1550 2696 1670 2751 diabolus
1691 2695 1724 2749 nd
1740 2692 1980 2760 utalelarieudum,
2000 2705 2026 2746 ut
2039 2692 2079 2749 sin

444 2788 495 2836 est.
509 2779 573 2848 Quis
586 2790 627 2837 est
649 2780 693 2848 qui
713 2795 766 2834 non
781 2789 869 2850 sperat
891 2781 918 2835 itt
939 2781 1069 2835 Domino?
1090 2781 1139 2847 Qtti
1158 2780 1183 2834 iu
1203 2794 1233 2836 ⁵⁰
1284 2791 1402 2844 imitetur
1422 2788 1497 2843 illum
1521 2787 1649 2855 diuitem,
1673 2802 1752 2858 quem
1774 2785 1884 2841 videtin
1907 2796 1978 2840 touta
2001 2785 2079 2855 eopia

445 2879 545 2942 operat.
561 2870 708 2942 Aliquando
721 2870 791 2941 quod
807 2871 881 2941 peius
893 2878 944 2938 est,
958 2869 1054 2927 luntres
1067 2871 1129 2938 moi,
1144 2879 1232 2926 atton·
1284 2882 1447 2939 (teruncium,

445 2963 510 3028 dite,
524 2962 664 3034 aliquando
677 2962 798 3018 immines
813 2963 905 3018 uolunt
918 2978 1025 3034 sperare
1042 2963 1068 3017 iu
1082 2978 1129 3029 se,
1144 2962 1190 3018 sed
1206 2963 1232 3018 iu
1321 2973 1364 3030 15,
1382 2970 1443 3028 Noti
1462 2985 1526 3043 ergo
1544 2954 1582 3025 sie
1602 2969 1758 3038 intelligere.
1775 2968 1808 3023 Et
1823 2966 1956 3039 quinutudu
1978 2966 2079 3020 inu-tti-

445 3055 505 3110 uliis
516 3053 677 3110 horninibus.
691 3054 768 3110 Salva
784 3055 868 3111 solute
880 3053 938 3112 Gaii
951 3053 1015 3120 Seii,
1032 3054 1095 3110 nihil
1108 3055 1173 3111 nrihi
1185 3071 1233 3125 po·
1284 3065 1363 3137 gam?
1375 3064 1401 3118 in
1413 3064 1489 3121 bouis
1498 3061 1691 3132 spiritualibus.
1705 3061 1757 3117 Sed
1768 3061 1812 3115 ulii
1824 3060 1903 3115 sumi
1916 3058 1973 3113 Nun
1986 3058 2081 3112 tideu-

447 3156 486 3201 tes
504 3148 600 3204 lucete.
614 3147 647 3204 Et
660 3147 727 3204 lorte
741 3148 857 3220 loquitur
870 3147 904 3204 de
923 3148 1030 3205 homine
1048 3148 1103 3219 jam
1117 3158 1232 3204 mortuo.
1286 3166 1328 3212 rur
1340 3156 1435 3223 oeulis,
1447 3155 1493 3210 sed
1506 3154 1595 3210 eorde.
1611 3151 1668 3208 Nou
1682 3153 1760 3207 uideo
1774 3152 1830 3219 ipsa
1842 3150 1922 3206 botta.
1939 3148 2020 3205 ttuet
2033 3150 2081 3205 illu

428 3237 475 3314 ‘lu
491 3238 539 3294 istu
561 3239 667 3296 civitate
687 3240 769 3307 dicit,
792 3240 870 3296 Soleo
893 3243 978 3297 salute
999 3242 1086 3311 illius,
1101 3252 1128 3298 et
1142 3241 1187 3297 illo
1206 3242 1234 3298 iu
1286 3249 1329 3321 qui
1343 3258 1423 3303 amat.
1437 3246 1569 3301 iustitiam
1583 3259 1634 3299 nou
1647 3243 1903 3300 video¹.lloneui1u
1918 3258 2013 3298 nurum
2024 3250 2087 3307 est,¹

446 3331 506 3388 eliis
519 3331 585 3387 ineis
600 3331 667 3388 lurte
681 3323 801 3390 mortuus
814 3344 864 3390 est.
878 3335 911 3389 Et
925 3352 1002 3415 quun
1016 3336 1068 3391 eito
1080 3336 1169 3392 dieunt
1184 3336 1234 3392 ho·
1276 3354 1340 3395 uon
1353 3339 1569 3408 euimargeutum
1579 3346 1629 3392 est.
1641 3336 1769 3392 Sinururu
1781 3346 1862 3402 esset,
1875 3336 1980 3392 rideres
1995 3337 2082 3407 :troia

447 3420 533 3477 ntiues
551 3420 621 3479 hoe:
636 3431 664 3479 et
678 3437 734 3479 uon
749 3422 853 3490 dieunt,
873 3423 959 3481 Credo
980 3427 1051 3493 lieo,
1066 3426 1126 3498 qtrio
1142 3443 1195 3483 nou
1209 3435 1235 3485 te
1270 3430 1353 3488 ddes
1373 3440 1424 3497 est,
1447 3444 1500 3485 nou
1520 3427 1604 3485 vides.
1619 3428 1653 3485 Et
1671 3427 1694 3484 si
1715 3444 1767 3484 nun
1790 3428 1865 3484 tides
1885 3428 1977 3496 idem,
1995 3440 2082 3499 quaro

448 3511 577 3583 permittit
590 3527 687 3592 nooere
700 3514 773 3569 milri.
789 3514 847 3571 llou
865 3515 970 3584 dieunt,
984 3517 1070 3573 Credo
1088 3518 1144 3575 [teo
1156 3533 1233 3586 roeo,
1286 3539 1361 3579 amas
1380 3538 1487 3579 serrum
1515 3521 1639 3578 fidelem?
1660 3522 1795 3593 interroga
1818 3523 1947 3592 teipsum,
1969 3522 2081 3593 nuatum

447 3603 509 3674 (prtia
522 3603 570 3659 etsi
587 3612 613 3659 te
625 3604 776 3674 permiserit
787 3606 820 3661 ad
833 3607 930 3678 aliquid
952 3623 1056 3676 meum,
1072 3608 1106 3664 ad
1119 3609 1235 3666 animam
1286 3628 1394 3671 sertum
1407 3613 1503 3685 diligis.
1514 3613 1594 3696 llorte
1607 3613 1690 3670 habos
1701 3630 1806 3669 servum
1821 3614 1978 3680 tortuosum.
1992 3623 2081 3673 statu·

449 3709 536 3749 merm
547 3709 599 3749 nou
612 3704 638 3750 to
647 3695 792 3767 permittet.
804 3696 857 3753 Sed
868 3712 928 3753 eunt
941 3697 1046 3764 dieunt,
1062 3697 1140 3756 Salva
1150 3701 1236 3759 solute
1286 3723 1388 3774 rosum,
1402 3708 1469 3765 liene
1481 3708 1672 3779 compositum
1690 3707 1737 3763 sed
1752 3706 1848 3775 iurem,
1861 3722 1988 3778 treunam,
2006 3707 2080 3764 lrau·

450 3784 530 3849 illius.
545 3800 594 3841 nee
606 3785 654 3857 ipsi
668 3786 757 3842 volunt
772 3787 868 3845 trabere
881 3789 1004 3857 salutem,
1015 3799 1043 3848 et
1055 3791 1117 3849 iilos
1127 3804 1237 3866 granant
1287 3799 1424 3856 dolentum
1436 3817 1444 3855 ε
1455 3798 1538 3855 lrabes
1551 3810 1638 3854 autom
1653 3799 1733 3856 aliurn
1748 3798 1816 3854 lorte
1830 3815 1939 3869 parrum
1956 3808 2080 3865 stature.

450 3889 575 3946 porquos
588 3884 680 3946 putant
692 3874 790 3934 hethere
804 3879 925 3936 salutem.
1288 3891 1433 3947 deiormeur
1451 3889 1529 3955 leole,
1547 3892 1636 3947 colore
1650 3899 1736 3957 tetro;
1757 3890 1804 3947 sod
1818 3891 1936 3958 fidelem,
1957 3906 2086 3961 parentur..

486 3966 529 4023 tt.
542 3964 616 4040 [terr.
633 3968 689 4043 itt]
703 3968 798 4025 Timete
810 3969 957 4039 bertuinum,
973 3989 1058 4030 omner
1068 3977 1147 4031 murti
1162 3977 1235 4048 ejus,
1289 3982 1406 4038 sobrium
1424 4000 1431 4036 ε
1451 3981 1570 4048 attende,
1593 3996 1657 4053 rogo
1676 3990 1712 4048 te,
1737 3998 1816 4054 quent
1836 3983 1951 4038 istorum
1964 3983 2080 4040 uuorun

450 4058 511 4129 quin
523 4056 590 4113 nituit
604 4059 672 4115 deest
685 4062 827 4118 tirnentiins
844 4078 911 4117 eunt.
924 4063 996 4119 liulti
1012 4065 1082 4120 euim
1098 4076 1236 4138 propterea
1289 4073 1394 4145 diligis?
1407 4074 1436 4131 Si
1456 4075 1548 4130 oculos
1567 4075 1656 4131 earnis
1677 4075 1842 4146 interrogas,
1860 4075 1941 4130 vineit
1961 4076 2033 4147 optrd
2054 4084 2080 4132 ta

450 4148 543 4204 uuluut
554 4148 567 4181 ⁸
580 4150 674 4206 timere
687 4151 844 4221 dominum,
866 4169 901 4208 ne
914 4152 1011 4210 surrent
1030 4157 1172 4226 potiantur.
1188 4158 1236 4213 lli·
1289 4165 1400 4237 puielter
1414 4165 1544 4237 iniustum
1559 4165 1582 4221 si
1595 4165 1688 4221 oeulos
1698 4165 1796 4230 cordis,
1812 4166 1894 4221 vineit
1903 4165 2033 4222 deformis
2046 4167 2079 4223 ir·

450 4242 520 4295 eltur
530 4242 581 4297 illis
594 4261 601 4298 :
613 4242 700 4300 Nolite
712 4245 830 4301 lrnuderu
841 4246 937 4304 lacere.
948 4248 1096 4306 Etdieuut:
1107 4250 1237 4310 liuderus
1289 4257 1366 4314 delis.
1381 4258 1462 4313 llidus
1480 4274 1556 4328 ergo,
1574 4257 1644 4326 quod
1664 4259 1702 4318 tis
1717 4268 1746 4311 ut
1765 4258 1889 4313 exhibeat
1902 4258 1948 4312 tibi
1961 4259 2041 4319 atter.
2054 4257 2079 4314 iu

450 4334 547 4403 puseo?
559 4333 615 4391 Non
631 4345 717 4407 potest
726 4353 770 4394 ars
779 4340 837 4395 siue
850 4340 994 4413 impostura
1005 4358 1074 4409 esse,
1086 4360 1139 4399 nou
1153 4355 1239 4416 potest
1289 4360 1330 4404 est
1343 4348 1421 4404 sudem
1434 4390 1442 4415 ,
1456 4349 1552 4404 eriribe
1568 4349 1605 4404 illi
1616 4352 1643 4404 ot
1654 4357 1692 4403 ιιι.
1708 4349 1795 4417 Quare
1808 4349 1908 4419 parides
1922 4350 1956 4403 ad
1965 4366 2026 4405 oum
2036 4350 2078 4417 nui

451 4424 585 4495 rregntium
597 4441 657 4483 esse
670 4428 727 4484 sine
742 4429 842 4486 lroutie.
857 4431 910 4488 Sed
926 4432 1046 4489 lroudem
1059 4436 1134 4506 punit
1155 4436 1235 4492 Deus.
1289 4440 1368 4496 sudem
1385 4440 1432 4495 tibi
1447 4440 1566 4508 exhibet,
1587 4449 1614 4497 et
1634 4440 1725 4496 laudas
1741 4456 1801 4495 eum
1821 4441 1854 4496 de
1873 4441 1916 4496 luis
1930 4440 2009 4497 uuus
2021 4457 2079 4512 quau

449 4513 527 4571 ‘l'itue
542 4516 637 4571 Deum.
653 4516 705 4573 Sed
718 4520 740 4574 si
754 4520 865 4576 timuero
879 4522 972 4587 Deum.
987 4539 1038 4578 nou
1054 4524 1156 4580 habebo
1169 4526 1238 4582 unde
1289 4546 1343 4592 nou
1358 4531 1480 4588 ridentur
1493 4532 1544 4586 uisi
1558 4532 1635 4587 oeulo
1654 4531 1762 4587 cordis?
1775 4530 1841 4587 Curu
1863 4531 1983 4600 repletus
1999 4531 2080 4588 fueris

451 4604 549 4660 vivant.
565 4604 658 4662 Timete
670 4606 817 4677 Quirinum,
838 4629 924 4668 ontuer
936 4614 1016 4669 suncti
1034 4615 1105 4686 ejus,
1121 4617 1237 4688 quoniam
1289 4624 1469 4693 spiritualibus
1482 4623 1591 4688 diuitiis,
1607 4639 1707 4694 pauper
1721 4624 1774 4679 eris
1785 4623 1814 4678 'i
1826 4623 1860 4679 Et
1874 4624 1919 4679 ille
1931 4624 2008 4680 diues
2021 4617 2081 4680 ideo

451 4697 518 4752 uiuit
527 4695 594 4753 deert
604 4697 746 4754 timentibus
756 4716 823 4755 eum.
832 4700 939 4773 Copiom
951 4706 1079 4774 promittit
1089 4706 1199 4777 trepido,
1211 4715 1240 4765 et
1290 4716 1349 4781 suit,
1360 4717 1421 4788 quia
1436 4716 1549 4774 habebut
1563 4716 1660 4773 teeturn
1671 4716 1833 4781 ebumeuur;
1844 4725 1871 4771 et
1885 4724 1911 4771 tu
1921 4732 2026 4788 pauper
2039 4731 2079 4783 es.

449 4786 581 4845 tittltitanti
594 4804 629 4846 lle
640 4788 662 4845 Si
674 4787 741 4846 ittiie
751 4790 868 4848 [intuerit
879 4792 1017 4849 Domitium
1028 4795 1152 4852 deterant
1163 4797 1238 4853 iilum
1288 4809 1367 4878 'cujus
1380 4807 1530 4865 cubiculum
1543 4808 1631 4865 cordis
1641 4808 1747 4880 plenum
1760 4822 1801 4865 esu
1813 4808 1893 4863 inpiis
1903 4809 2019 4879 gemmis
2028 4808 2082 4865 vif.
2097 4843 2099 4848 .

451 4880 595 4953 superfluo.
608 4880 735 4938 Puseelut
748 4891 774 4939 to
791 4882 919 4941 Domirms
932 4894 1145 4944 contemnentem
1158 4904 1197 4956 se,
1212 4900 1240 4946 et
1291 4909 1387 4968 rurum,
1401 4898 1520 4971 justitie,
1535 4900 1667 4965 ueritatis,
1682 4900 1833 4964 claritatis,
1848 4898 1926 4965 idei,
1945 4898 2082 4969 patiunda

449 4972 558 5031 deseret
567 4982 594 5030 te
608 4974 744 5031 timentem
757 4975 804 5031 sel
817 4976 950 5043 luendo,
966 4986 993 5034 et
1005 4979 1060 5034 noli
1072 4978 1179 5036 dicere:
1194 4978 1240 5038 ille
1291 5000 1319 5049 er
1329 4990 1492 5048 tolerantie!
1509 4989 1618 5060 Explica
1631 4989 1735 5045 dtritias
1748 4999 1824 5057 tuns,
1837 4989 1859 5044 si
1875 4988 1959 5046 habes
1972 4990 2045 5058 illas,
2054 4997 2083 5048 et

450 5063 525 5120 «lites
544 5074 598 5130 est,
613 5075 641 5122 et
653 5080 704 5138 ego
716 5081 817 5138 pauper
831 5081 889 5123 sum
901 5083 908 5120 ε
922 5082 972 5139 ego
986 5067 1066 5126 timeo
1082 5071 1239 5139 Dominumr
1291 5097 1415 5156 comparo
1433 5083 1533 5141 diuitiis
1547 5083 1667 5140 divitum.
1682 5084 1716 5139 tlt
1735 5084 1780 5140 ille
1799 5084 1826 5138 iu
1843 5090 1962 5139 meroetu
1979 5082 2083 5141 irruenit

452 5152 497 5209 ille
509 5168 561 5209 nou
575 5155 690 5210 timendo
704 5166 832 5228 quantum
845 5156 1001 5227 aequisivit,
1024 5167 1052 5214 et
1062 5175 1112 5230 ego
1125 5161 1240 5219 timendo
1293 5177 1378 5232 mutii
1397 5176 1543 5248 protimus,
1557 5185 1584 5231 er
1598 5175 1663 5231 enuit
1678 5190 1733 5230 eas.
1747 5174 1776 5232 Si
1794 5174 1871 5230 sideru
1888 5175 2026 5231 invenires
2038 5189 2084 5236 ro,-

451 5243 540 5308 n¹¹d⁰⁸
549 5248 627 5302 1111111
647 5247 814 5319 1111111111111
828 5248 948 5320 111111111111
956 5268 963 5305 ²
978 5247 1241 5325 111111111911111111111
1293 5271 1395 5336 nalem,
1411 5279 1537 5340 quantum
1551 5282 1599 5339 pro
1611 5267 1656 5323 iila
1670 5266 1766 5334 dares,
1780 5282 1859 5339 quatu
1875 5277 1901 5324 to
1914 5266 1999 5322 voluit
2013 5268 2083 5326 lietu

451 5336 603 5401 munuum,
614 5336 768 5409 inpudenter
788 5350 871 5395 nutem
882 5336 1020 5396 Dominum
1033 5359 1083 5398 non
1100 5345 1241 5401 minuentur
1292 5361 1374 5432 graiis
1389 5359 1503 5426 pappi-e,
1516 5367 1543 5414 er
1557 5359 1673 5430 ingratus
1684 5360 1732 5414 es?
1746 5359 1830 5430 Efleut
1840 5374 1904 5431 ergo
1915 5359 1953 5415 illi
1972 5357 2084 5426 divites.

453 5429 524 5484 omni
536 5429 609 5485 bono.
630 5429 657 5487 Si
670 5431 703 5486 ad
718 5432 832 5489 litteram
846 5434 970 5506 recipias.
983 5435 1086 5493 uidetur
1099 5447 1126 5494 te
1138 5438 1239 5495 lallere.
1293 5463 1371 5524 egeni
1384 5469 1391 5506 :
1406 5460 1443 5517 er,
1457 5451 1527 5522 qutun
1539 5451 1706 5521 enpurias,
1722 5467 1789 5520 pune
1801 5462 1889 5522 egerit.
1900 5450 1939 5508 Ne
1951 5451 2026 5509 lortu¹
2037 5465 2085 5522 pn-

484 5561 494 5594 ι
511 5562 547 5612 spe
563 5568 618 5613 m,
629 5562 685 5612 pp,
695 5572 787 5623 auum,
799 5563 862 5629 pund
874 5566 1004 5629 [minim.
1293 5550 1370 5612 tetis,
1384 5540 1445 5618 quia
1459 5561 1524 5602 auro
1539 5538 1618 5616 egent
1631 5556 1658 5601 et
1671 5557 1797 5618 emerito,
1812 5562 1963 5618 quanquam
1981 5557 2012 5602 et
2033 5547 2086 5608 lroo

485 5624 559 5694 'uss
571 5623 610 5676 hic
629 5632 657 5695 et
672 5625 730 5675 alibi
751 5635 889 5679 oonstunter
906 5629 1015 5683 habeut:
1034 5638 1058 5685 et
1076 5632 1153 5686 niune
1168 5647 1241 5699 quun
1293 5649 1397 5709 egeant.
1412 5636 1544 5705 Quantum
1560 5634 1651 5692 lmbult
1664 5637 1787 5707 qrridum,
1801 5646 1826 5692 ot
1840 5637 1901 5708 quid
1916 5653 1979 5692 euru
1999 5638 2086 5694 satia·

452 5692 770 5811 “iffifflfflffim
780 5750 858 5813 ,Μ
867 5749 918 5816 59„
929 5752 1044 5808 pm·
1062 5756 1168 5818 mmm,
1179 5765 1240 5811 Nm,
1294 5729 1350 5784 riti
1364 5727 1408 5784 Sie
1421 5740 1541 5783 mortuus
1553 5735 1595 5783 est
1606 5742 1698 5798 egeus,
1713 5711 1773 5798 uuio
1789 5727 1861 5797 plura
1875 5728 1980 5785 roielnt
1993 5733 2089 5799 aeuni-

452 5808 889 5938 rebaffirffltmggdongnuprfirmm
899 5882 1078 5928 souomernum
1093 5880 1241 5932 omentum
1324 5816 1868 5943 :ideliksqugtiuhiriiiiiitrntl'idetmiiwrmgriot
1882 5879 2015 5944 inuniunt.
2037 5890 2089 5934 iton

453 5931 599 6004 ostendebat.
611 5933 682 5983 tauto
702 5941 756 5996 post
770 5941 802 6008 ι’Ι
820 5974 825 5985 .
844 5945 869 5988 et
881 5946 933 5988 ttss.
952 5938 1073 6000 terebant,
1091 5942 1188 6004 pruneto
1204 5942 1242 5995 itti
1294 5942 1486 6007 eudaemonem
1496 5940 1560 5993 otim
1570 5954 1658 5991 attrum
1668 5949 1713 5998 est,
1725 5950 1772 5992 ete

455 6006 697 6059 rtrumcoromrepe
711 6008 720 6045 :
732 5996 776 6046 sed
796 5998 925 6051 ruduoitus
945 6000 1013 6051 tturts
1032 6003 1118 6054 merito
1135 6007 1241 6067 reposita
1327 6006 1378 6053 ἰιι
1388 6002 1510 6066 plerisque
1521 6010 1584 6061 uss,
1596 6009 1619 6054 tt
1631 6003 1716 6055 laedat
1726 6001 1853 6054 tumst
1864 6002 1930 6055 1101111
1942 6017 2012 6074 (19οι
2032 6019 2089 6067 0¹¹ae

454 6064 509 6107 erut
519 6055 590 6107 lectio
599 6068 671 6118 uttaru
680 6059 813 6130 setpuimur.
1295 6079 1341 6134 nou
1352 6066 1460 6117 ridentur
1471 6063 1517 6117 uid
1527 6067 1595 6116 octdo
1605 6066 1695 6127 cordis
1707 6078 1762 6116 curn
1773 6064 1876 6129 repletus
1892 6067 1978 6130 furum,
1994 6081 2090 6132 propr
2116 6097 2118 6102 ·

486 6118 579 6184 ’ulti
590 6117 677 6172 tuimet.
689 6119 772 6172 tteltus
782 6130 844 6187 uss,
855 6121 944 6175 intutu.
1295 6127 1364 6180 eru?
1874 6165 1877 6172 ,
