5025 6925
323 6093 340 6177 l

447 699 497 756 tit

447 813 511 868 burri
525 809 600 882 sequi
618 808 673 867 rias
689 809 782 874 nialus,
798 817 857 866 cuin
871 807 961 864 rident
972 823 1092 880 quosque
1106 803 1231 864 meliores

447 907 499 976 jorn
521 903 635 974 elegisse
649 901 705 958 rias
727 901 830 967 bonas;
854 909 881 957 et
903 899 994 955 dicunt
1015 901 1041 955 in
1060 901 1149 956 alcimo
1170 915 1230 967 suo,

447 991 668 1065 quemadmodum
691 993 777 1048 solent
797 991 886 1047 dicere
907 990 1042 1056 uiatores,
1065 990 1231 1047 attendentes

447 1085 513 1141 aiios
525 1099 586 1141 cum
602 1083 807 1153 praesumptione
819 1081 985 1138 ambulantes
1003 1083 1030 1137 itl
1046 1082 1103 1150 ria,
1119 1081 1169 1154 ipsi
1181 1080 1233 1139 ad·.

448 1176 498 1231 ltuc
511 1175 603 1230 incerti
616 1172 675 1240 rte,
689 1182 715 1228 et
730 1173 805 1243 quasi
819 1172 978 1228 fluctuantes
990 1188 1041 1244 qua
1054 1182 1125 1238 eunt,
1140 1173 1231 1228 dicunt

446 1265 495 1321 sibi
507 1283 514 1319 ι
533 1263 592 1320 Non
608 1262 706 1319 lrustra
719 1263 755 1318 ilii
771 1262 820 1318 itae
838 1271 912 1329 eurtt,
926 1261 1031 1334 quarrdo
1044 1263 1089 1318 illo
1101 1271 1164 1318 eunt
1178 1277 1231 1334 quc

445 1371 494 1411 nos
516 1356 555 1411 irc
573 1355 712 1420 nolumus3
732 1362 759 1409 et
779 1367 860 1424 quare
879 1369 940 1409 cum
961 1368 1055 1425 magna
1069 1352 1163 1410 llducia
1181 1353 1231 1410 hac

443 1456 519 1517 eunt,
543 1448 594 1503 nisi
615 1448 675 1520 quia
697 1448 757 1504 illac
774 1450 813 1503 lre
826 1449 1003 1518 perniciosum
1025 1448 1088 1504 est?
1106 1447 1231 1503 Videbunt

442 1554 509 1610 ergo
530 1539 604 1607 iusti,
625 1549 648 1593 tt
663 1539 791 1594 timebunt.
807 1542 953 1610 Angustam
972 1540 1041 1594 niara
1061 1540 1151 1596 rident
1168 1539 1229 1606 ltac,

443 1632 525 1686 latam
551 1631 621 1685 uiam
643 1629 734 1686 rident
757 1630 838 1686 illac:
859 1632 908 1685 hoc
928 1629 1019 1686 rident
1041 1631 1154 1700 paucos,¹
1172 1630 1232 1686 iiltrc

439 1723 543 1778 multos
563 1721 669 1796 (dotti.
682 1739 731 1788 nu,
746 1722 798 1790 ld,
820 1723 852 1778 ll
862 1721 883 1795 ).
906 1721 959 1778 Sed
974 1723 995 1777 si
1009 1722 1095 1791 justus
1110 1737 1156 1789 es,
1176 1720 1231 1777 noli

441 1831 601 1882 sturemare,
615 1814 661 1870 sed
677 1814 814 1885 appende;
835 1825 960 1871 stateram
971 1814 1036 1871 aller
1049 1831 1162 1886 aequata,
1178 1831 1230 1870 non

437 1907 576 1972 dolosam,
591 1907 651 1978 quia
663 1907 750 1977 justus
762 1909 909 1978 appellatos
923 1924 952 1965 es
966 1924 974 1964 ι
990 1905 1112 1963 Videbunt
1120 1907 1194 1979 justi,
1208 1918 1231 1962 et

443 2002 577 2067 timebunt,
588 2000 686 2056 dictum
698 2002 785 2058 estrde
799 2012 833 2059 te.
845 2002 905 2057 Noli
917 2017 980 2073 ergo
991 2019 1132 2058 numerare
1143 2003 1232 2058 turlras

445 2094 584 2149 hominum
599 2093 754 2150 incedentes
767 2094 832 2149 latas
844 2094 911 2161 uias,
926 2095 1066 2164 implentes
1087 2095 1231 2151 crastinum

440 2185 559 2251 circum,
575 2184 690 2240 ciuitatis
700 2184 818 2240 Natalem
831 2183 969 2240 clamando
983 2185 1157 2252 celebrantes,
1168 2185 1233 2240 ciri-

446 2284 527 2330 tatem
544 2275 629 2346 ipsam
644 2276 712 2331 male
725 2275 838 2331 visendo
858 2283 1003 2347 turpantes.
1022 2274 1081 2330 Noli
1096 2290 1159 2346 crgo
1172 2274 1233 2331 illes

438 2366 602 2434 attenderc;
618 2368 693 2423 multi
705 2380 776 2433 sunt,
790 2377 817 2423 et
829 2369 888 2438 quis
901 2377 1021 2423 numerat
1031 2368 1043 2421 i
1055 2368 1133 2423 Pauci
1144 2376 1232 2423 utitem

439 2474 495 2530 per
505 2460 574 2515 uiant
593 2468 741 2530 atrgustant.
762 2459 871 2526 Proser,
888 2459 992 2531 inquunt
1005 2501 1013 2525 ,
1027 2468 1172 2524 stateram,
1186 2474 1232 2529 ap·

440 2552 534 2624 pende
555 2570 561 2606 z
583 2552 642 2607 ride
664 2562 757 2607 contra
779 2566 862 2623 pauca
882 2565 962 2621 grana
984 2561 1110 2621 quantam
1131 2553 1232 2620 paleam

441 2644 529 2700 lenes.
550 2643 607 2699 lloc
625 2651 703 2712 agant
718 2642 810 2696 fideles
827 2642 890 2712 justi
910 2642 954 2711 qni
976 2651 1130 2711 sequuntur.
1145 2640 1231 2710 Quid¹

442 2737 486 2793 illi
501 2737 545 2808 qui
561 2734 732 2807 praecedunt?
754 2735 809 2790 Non
823 2735 986 2805 superbiant,
999 2749 1051 2789 riou
1066 2749 1095 2790 se
1106 2734 1232 2797 exaltent,

441 2843 502 2884 mon
515 2826 650 2897 decipiant
663 2833 814 2896 sequentes.
834 2825 971 2893 Quomodo
984 2834 1093 2895 possunt
1111 2824 1234 2894 decipere

438 2916 813 2991 sequentcslemittendo
839 2916 892 2972 illis
917 2917 942 2970 in
970 2931 999 2970 se
1018 2916 1140 2970 salutum.
1167 2915 1234 2984 Quid

437 3022 513 3080 crgo
532 3007 631 3064 debent
655 3007 693 3061 illi
714 3006 758 3078 qui
778 3005 944 3075 sequuntur?
967 3004 1089 3060 Videbunt
1108 3007 1191 3077 justi,
1211 3017 1235 3060 et

440 3097 578 3166 timebunt,
595 3106 618 3151 et
632 3097 766 3168 sperabunt
776 3096 801 3150 t'n
814 3094 968 3149 Doutinnm:
985 3110 1037 3150 nott
1051 3097 1076 3150 iu
1090 3110 1161 3151 cosa
1174 3097 1234 3166 qui-

442 3187 499 3244 nor
518 3189 702 3260 preceduntur
720 3205 728 3241 t
749 3187 795 3242 sed
816 3185 976 3241 attendendo
997 3187 1176 3256 praecedentes
1193 3202 1233 3254 sc,

438 3288 595 3352 sequmtur
612 3278 718 3351 quidem
732 3287 758 3334 et
779 3278 925 3344 imitantur,
941 3276 987 3333 sed
1007 3278 1067 3349 quia
1086 3278 1234 3349 cogitanta

428 3388 501 3444 ‚quo
518 3372 669 3441 acceperint
692 3371 728 3425 ilii
739 3379 768 3425 ut
782 3368 941 3440 praecedunt,
957 3377 983 3424 ct
998 3370 1023 3423 iu
1043 3383 1103 3424 eum
1116 3376 1232 3438 sperant.

437 3465 575 3533 Quamne
592 3477 655 3534 ergo
673 3462 738 3517 istos
751 3462 896 3526 imitentur,
919 3475 992 3531 spern
1013 3474 1087 3515 snam
1107 3459 1234 3515 tamenin

440 3556 493 3613 itte
505 3563 618 3626 ponunt,
631 3570 646 3609 a
659 3569 712 3626 quc
725 3563 753 3609 et
768 3554 813 3611 isti
826 3561 987 3623 acceperunt
1002 3552 1072 3608 unde
1085 3551 1150 3607 tales
1162 3561 1232 3608 sunt.

449 3648 577 3705 Videbunt
591 3649 666 3719 iusti,
677 3657 700 3702 et
715 3648 845 3711 timebunt,
856 3655 880 3700 et
891 3643 1025 3715 specubunt
1041 3646 1068 3699 in
1078 3643 1234 3699 Demittunt:

438 3739 672 3813 quemadmodum
685 3741 712 3796 in
722 3740 774 3794 alio
789 3738 890 3810 psalmo
900 3779 908 3804 ‚
920 3736 1009 3792 Leunoi
1021 3738 1106 3792 reniet
1123 3753 1190 3792 urent
1208 3738 1235 3791 in

438 3842 554 3894 unates,
576 3830 746 3901 intelligimus
761 3836 875 3896 montes,
898 3828 985 3883 claros
999 3843 1118 3898 quosque
1128 3836 1163 3891 ,et
1177 3842 1233 3882 ma·

391 3995 394 4000 .
436 3938 514 3995 gnos
533 3921 661 3979 Ecclesia
680 3920 831 3991 spirituales
853 3920 940 3983 uiros,
962 3934 1071 3989 magnos
1089 3919 1232 3987 soliditate,

437 4027 501 4071 non
513 4023 627 4069 tumore.
648 4012 699 4068 Per
711 4012 783 4081 ipsos
793 4010 870 4066 nobis
880 4009 1015 4079 Scriptura
1029 4008 1115 4065 omnis
1128 4008 1234 4080 dispen-

438 4117 505 4163 sata
519 4113 578 4173 cst;
600 4103 740 4175 Proplretae
756 4110 827 4170 sunt,
840 4101 1014 4172 Euangelistae
1024 4095 1100 4167 sunt,
1111 4101 1235 4158 doctores

439 4194 512 4256 boni
530 4205 619 4252 sunt:
641 4196 702 4252 illuc
722 4195 799 4249 iwani
819 4195 905 4250 oculor
917 4209 984 4249 nteos
1003 4193 1030 4247 iu
1043 4194 1155 4261 montet,
1168 4195 1236 4249 unde

439 4289 528 4345 veniet
542 4287 666 4342 auritium
679 4286 751 4339 nribi.
772 4285 805 4340 Et
823 4299 857 4339 ne
876 4284 1019 4339 humanum
1038 4292 1143 4353 putares
1161 4283 1236 4338 auxi-

439 4380 523 4443 linm,
540 4379 670 4449 sequitur,
690 4386 717 4433 et
735 4375 817 4431 dicit:
830 4374 960 4429 duciiinrn
979 4392 1061 4429 nneuun
1079 4374 1234 4442 alicuine,

437 4471 563 4542 quifectl
576 4469 665 4524 calum
683 4477 706 4523 et
725 4477 818 4522 terrum
837 4465 921 4539 (Ptol.
933 4481 1001 4532 oux,
1016 4466 1026 4520 l
1039 4465 1097 4539 st)-
1114 4465 1236 4523 Videbunt

439 4563 521 4636 fusti,
533 4570 557 4616 tt
571 4560 702 4644 tintebnut,
714 4568 738 4613 et
750 4556 885 4630 sperabunt
894 4558 921 4611 in
932 4556 1077 4611 Iictninunt.

480 4677 512 4731 t.
525 4671 603 4747 [vert.
614 4670 653 4745 5.]
668 4671 715 4727 Eia
729 4672 774 4744 qui
792 4671 894 4730 volunt,
909 4684 1016 4741 sperare
1035 4674 1061 4725 in
1079 4671 1234 4738 Domitium,

437 4768 492 4840 qul
509 4765 601 4821 uident
618 4775 645 4819 ct
664 4764 770 4840 timent,
786 4763 896 4818 timeant
908 4763 1045 4819 ambulare
1064 4764 1119 4818 nias
1137 4765 1234 4829 inulas,

439 4861 508 4915 uias
522 4859 607 4924 initas;
622 4857 719 4929 eligant
731 4859 801 4911 riam
814 4868 961 4927 angustam,
977 4856 1019 4911 ubi
1030 4856 1084 4927 jam
1095 4872 1175 4927 supra
1188 4873 1236 4927 pe·

437 4958 518 5008 tram
533 4948 708 5021 quorumdam
730 4948 824 5004 directi
844 4958 905 5003 sunt
923 4962 1047 5018 gressus:
1070 4948 1131 5019 quid
1151 4948 1237 5005 lacere

435 5041 584 5106 dedicant,
599 5039 705 5094 audiant
727 5037 814 5095 medo.
839 5038 931 5093 Btutns
951 5037 989 5092 uir
1008 5039 1080 5110 cujus
1098 5049 1134 5093 est
1148 5056 1237 5097 ttcntcn

434 5130 556 5190 Domini
563 5149 620 5204 spes
627 5133 689 5203 ejas,
704 5143 783 5186 etncn
795 5134 902 5203 repent
916 5133 942 5187 in
956 5134 1076 5188 uunitntts
1089 5144 1113 5187 et
1126 5134 1237 5189 insanius

433 5223 721 5296 mmdueeeticrequa
730 5225 1176 5292 nolebasire‚ecceturbauiarlatc:
1185 5243 1237 5282 uon

434 5314 549 5374 trasna
560 5315 617 5386 ipsa
628 5314 701 5371 ducit
712 5315 745 5370 ad
760 5316 991 5388 arnplritlteatuum,
1009 5333 1060 5372 non
1074 5318 1169 5373 inostro
1182 5319 1237 5389 ipsa

432 5409 524 5467 ducit
533 5408 568 5464 ad
580 5417 704 5463 mortem.
717 5409 764 5463 Via
776 5409 827 5462 lata
839 5410 971 5464 niortitera
984 5395 1025 5463 est
1037 5428 1043 5462 ε
1060 5409 1170 5464 latitudo
1181 5410 1238 5480 ejus

430 5499 567 5558 delectat
578 5499 612 5554 ad
627 5507 746 5569 tempuS,
763 5499 822 5552 duis
840 5500 897 5567 ejus
909 5509 1037 5569 augustus
1056 5499 1082 5553 in
1097 5510 1236 5556 oeternutn.

429 5585 502 5649 Sed
516 5589 601 5647 utrbae
613 5598 745 5660 strepunt,
761 5589 845 5643 turon
858 5588 993 5646 festinant.
1009 5592 1092 5646 turbae
1104 5592 1238 5646 collucian-

431 5683 492 5739 tur
519 5684 539 5752 ¹,
552 5681 637 5736 turbae
656 5689 824 5735 concurrunt.
846 5679 905 5734 Noli
925 5682 1036 5745 imitari,
1061 5682 1114 5736 noli
1138 5683 1236 5746 averti;

430 5771 582 5827 vanitates
600 5779 678 5837 sunt,
702 5779 728 5826 ct
749 5771 858 5825 insanire
879 5771 1028 5827 mendaces.
1051 5773 1090 5828 Sit
1112 5773 1238 5828 lioruiuus

431 5854 523 5919 Deus
537 5871 597 5919 tuus
615 5876 677 5935 spes
692 5871 734 5917 tna
748 5881 755 5917 :
771 5877 822 5915 tren
837 5861 906 5916 aliud
921 5863 1044 5933 aliquida
1059 5865 1170 5919 llomino
1184 5865 1238 5920 lieo

483 6011 493 6043 ¹
505 6011 543 6062 sic
554 5984 665 6077 plerique
683 6020 743 6084 ntes,
762 6019 789 6061 nt
799 6012 855 6061 eud.
866 6025 873 6061 :
885 6021 936 6063 ttoc
946 6021 1019 6082 ugunt
1027 6012 1111 6081 fideles
1127 6017 1189 6081 justi
1199 6015 1241 6085 qtri

428 6072 812 6199 oefflffirgsoetfsisihiteffid,
822 6140 988 6189 ccunctuunr.

974 690 1173 750 sustinento
1192 692 1225 750 iti
1244 693 1402 753 meditent
1423 695 1553 751 mlx.-

1287 817 1332 863 tuo
1345 815 1446 880 speres,
1461 812 1507 866 sed
1521 813 1576 883 ipsc
1589 813 1714 873 Dominus
1724 829 1784 875 irtus
1798 821 1832 876 sit
1845 836 1906 894 spes
1920 835 1973 880 tua.
1988 827 2067 885 Nam-

1283 917 1335 973 que
1354 903 1429 956 multi
1450 903 1484 958 de
1504 904 1559 960 lico
1582 919 1690 976 sperant
1707 912 1859 982 pecuniam,
1875 917 1949 971 multi
1967 919 2001 974 dc
2014 920 2068 977 lieo

1283 1002 1392 1064 sperant
1403 994 1519 1053 honores
1528 998 1643 1057 caducos
1654 1010 1681 1058 et
1693 1005 1836 1074 perituros,
1851 1006 1921 1064 alind
1933 1012 2068 1080 quodlibet

1283 1100 1298 1139 a
1313 1085 1367 1142 Deo
1378 1096 1475 1156 praeter
1487 1089 1571 1161 ipsum
1586 1092 1669 1148 ῠεεεε
1680 1109 1688 1147 t
1701 1094 1749 1150 sed
1762 1105 1790 1152 tu
1801 1096 1887 1168 ipsum
1898 1101 1980 1155 iteum
1995 1111 2068 1159 turum

1282 1186 1343 1250 pete
1359 1196 1366 1231 :
1385 1179 1439 1235 imo
1459 1196 1523 1239 vcro
1543 1187 1701 1256 contemptis
1722 1188 1798 1255 aliis,
1820 1204 1901 1262 perge
1920 1192 1954 1246 ad
1977 1195 2066 1259 illum;

1282 1269 1441 1327 obliviscens
1463 1273 1533 1341 alia,
1558 1287 1690 1335 memento
1712 1278 1797 1346 illius;
1824 1283 1974 1353 relinquens
1997 1295 2069 1343 retro

1282 1361 1344 1431 alia,
1359 1365 1504 1422 extendere
1517 1366 1542 1423 in
1557 1369 1640 1424 illurn.
1652 1371 1710 1440 lpse
1723 1382 1795 1427 certe
1806 1388 1927 1430 auersum
1939 1379 2067 1445 correxit,

1283 1453 1340 1522 ipse
1352 1455 1423 1512 ducit
1438 1469 1538 1514 rectum
1554 1461 1575 1527 ¹,
1591 1462 1648 1533 ipse
1661 1464 1800 1533 perducit:
1817 1482 1881 1538 ergo
1891 1468 1926 1523 sit
1939 1468 1996 1539 ipse
2007 1485 2070 1540 spes

1284 1553 1345 1613 tua,
1360 1547 1406 1616 qui
1419 1546 1492 1603 ducit
1505 1559 1531 1604 ct
1545 1551 1675 1620 perducit.
1691 1552 1748 1621 Quo
1762 1555 1835 1612 ducit
1844 1566 1872 1613 et
1885 1573 1938 1628 quo
1951 1559 2071 1628 perducit

1283 1641 1385 1689 terrena
1400 1637 1526 1693 avaritia?
1538 1638 1646 1696 Fundos
1658 1644 1805 1713 querellas,
1821 1655 1918 1701 terrum
1932 1648 2069 1719 possidere

1282 1725 1418 1796 cupiebas,
1435 1729 1535 1785 ricinos
1550 1732 1724 1800 excludelras;
1739 1734 1791 1790 illis
1804 1736 1936 1808 exclusis,
1954 1740 2014 1796 aliis
2027 1739 2069 1795 ti·

1283 1817 1349 1872 ciuis
1363 1818 1498 1888 inirialras;
1513 1833 1539 1878 ct
1551 1825 1649 1880 mrrrdiu
1661 1826 1808 1882 tendebas’
1822 1831 1970 1900 avaritiam,
1983 1832 2069 1889 dcuec

1283 1907 1316 1962 ad
1330 1908 1417 1965 littora
1432 1914 1603 1980 pervenires:
1621 1919 1778 1985 perveniens
1797 1920 1830 1975 ad
1849 1922 1952 1988 littora,
1969 1923 2070 1979 insulas

1283 1999 1464 2069 concupiscis3
1489 2018 1609 2072 possesso
1627 2017 1696 2061 terra
1708 2049 1715 2067 ,
1729 2010 1826 2065 coelum
1841 2011 1909 2068 iorte
1928 2013 1968 2067 vis
1991 2029 2070 2085 pren·
2168 2071 2170 2075 ,

1283 2089 1356 2146 dere.
1376 2090 1505 2163 llelinqne
1521 2109 1614 2152 omnes
1627 2112 1750 2154 amores:
1766 2101 1899 2171 pulchrior
1913 2114 1954 2160 est
1968 2105 2014 2162 itte
2024 2107 2069 2178 qui

1284 2180 1345 2236 lecit
1357 2182 1452 2237 coeluur
1468 2193 1494 2239 et
1509 2193 1617 2241 terram.
2074 2197 2077 2203 '

1319 2274 1345 2330 8.
1360 2274 1452 2331 Brutus
1469 2278 1514 2344 uir,
1527 2280 1600 2351 crpus
1613 2291 1649 2336 ert
1667 2297 1756 2337 ttonten
1771 2281 1876 2339 Domini
1888 2302 1945 2355 spes
1957 2288 2031 2357 ejus,
2046 2299 2071 2343 et

1284 2382 1334 2419 nou
1347 2369 1454 2436 respexit
1475 2370 1502 2423 in
1520 2372 1640 2427 vanitates
1659 2381 1684 2427 et
1704 2374 1816 2429 insenius
1837 2376 1978 2432 ntendnces.
1994 2377 2071 2434 Unde

1284 2455 1354 2510 enirn
1379 2457 1487 2513 insaniae
1509 2460 1669 2518 mendaces?
1692 2461 1795 2518 insania
1818 2465 1948 2534 mendax,
1971 2467 2072 2526 multas

1285 2564 1375 2603 verax.
1391 2550 1455 2619 Qum
1469 2551 1542 2607 vides
1555 2551 1623 2608 bona
1645 2563 1722 2626 putas
1740 2556 1762 2623 ⁸,
1784 2556 1901 2612 lallcris:
1917 2572 1997 2613 sanus
2016 2575 2072 2618 non

1285 2653 1324 2703 es,
1340 2641 1419 2695 nintia
1430 2640 1505 2698 leltre
1517 2644 1686 2713 phreneticus
1699 2646 1783 2702 lactus
1795 2663 1825 2703 es
1837 2665 1844 2713 i
1860 2663 1951 2703 uerum
1959 2664 2020 2708 non
2031 2663 2072 2709 est

1285 2728 1354 2799 quod
1369 2731 1452 2786 arnas.
1467 2731 1571 2788 Laudas
1585 2736 1702 2805 aurigam
1718 2736 1773 2807 (α),
1795 2739 1894 2794 clamas
1906 2740 2017 2812 attrigre,
2033 2742 2073 2797 iu·
2091 2780 2093 2785 .

1285 2821 1357 2876 sanis
1375 2821 1400 2875 iu
1415 2822 1544 2894 aurigam.
1557 2823 1668 2882 Vanitas
1689 2837 1748 2896 est,
1768 2828 1870 2884 insania
1891 2832 2006 2887 mendax
2019 2840 2071 2888 cst.

1285 2912 1342 2968 Non
1356 2923 1412 2978 est,
1427 2913 1482 2970 ait:
1499 2916 1564 2972 niltil
1579 2918 1691 2986 melius,
1713 2919 1779 2974 niltil
1799 2919 1991 2979 delectabilius.
2005 2924 2073 2992 Quid

1286 3003 1353 3058 lucio
1366 3004 1504 3061 febrienti?
1518 3005 1545 3062 Si
1556 3016 1597 3063 est
1608 3009 1634 3063 iu
1648 3009 1723 3064 uobis
1735 3010 1929 3079 misericordia,
1940 3024 2015 3070 erate
2024 3030 2073 3087 pte

1287 3093 1391 3149 talibus.
1407 3093 1473 3162 Quia
1491 3096 1587 3166 etipse
1600 3097 1719 3154 medicus
1732 3100 1928 3172 plerumqueiu
1947 3103 2074 3174 despera·

1286 3181 1358 3240 tione
1368 3187 1534 3242 eonrertitnr
1547 3186 1580 3242 ad
1596 3203 1643 3244 ecs
1655 3190 1700 3259 qui
1712 3190 1886 3247 circumstant
1898 3194 2074 3267 lacrymantes

1286 3273 1313 3327 iu
1326 3272 1416 3340 mmo,
1432 3275 1477 3345 qut
1492 3274 1608 3346 pendent
1626 3294 1658 3333 ex
1676 3292 1723 3333 ore
1738 3278 1796 3348 ejus
1809 3281 1902 3338 :audire
1915 3285 2074 3340 seutentiam

1286 3365 1320 3419 dc
1333 3373 1433 3436 angoto
1450 3374 1477 3421 et
1492 3366 1677 3436 periclitante:
1691 3377 1743 3425 stat
1756 3384 1856 3442 nrrccps
1870 3374 2005 3440 medicus,
2021 3390 2074 3432 nou

1285 3453 1357 3511 ridet
1372 3455 1469 3511 brunum
1484 3457 1554 3529 quod
1574 3459 1727 3529 promittat,
1743 3460 1821 3518 tirnet
1836 3464 1935 3519 mainin
1955 3480 2074 3535 pronun-

1286 3545 1363 3607 tiare.
1379 3561 1412 3603 ue
1428 3556 1542 3615 terreat3
1557 3548 1707 3606 modestam
1723 3551 1802 3621 plane
1815 3552 1864 3609 iste
1878 3557 1994 3627 concipit
2011 3572 2074 3614 sem

1286 3641 1394 3693 tentiam
1408 3656 1414 3693 τ
1430 3639 1518 3696 Burnus
1536 3640 1606 3699 [icus
1626 3645 1715 3701 omnia
1736 3652 1841 3716 potest,
1855 3658 1930 3705 orate
1950 3665 1998 3720 pro
2018 3650 2074 3707 illo.

1279 3727 1370 3800 ,Quem
1398 3731 1486 3802 itaque
1513 3734 1740 3804 comprehendam
1769 3738 1878 3794 istorum
1906 3741 2075 3805 insauonrmi

1285 3818 1350 3886 Quis
1362 3836 1405 3876 me
1419 3821 1528 3878 audiat?
1539 3825 1600 3896 quis
1617 3841 1710 3883 eorum
1723 3841 1774 3883 nos
1787 3844 1839 3884 non
1859 3831 1973 3886 miseros
1986 3832 2077 3889 dicat-l

1286 3908 1352 3976 Quia
1366 3928 1426 3966 cuin
1448 3914 1487 3968 eis
1509 3927 1562 3969 uon
1586 3915 1750 3983 insanimus,
1772 3918 1893 3974 amisisse
1915 3935 1964 3975 nos
1984 3929 2077 3990 potatu

1285 4017 1396 4074 magnas
1407 4013 1433 4060 et
1445 4006 1532 4061 uarias
1541 4007 1701 4077 voluptates,
1715 4007 1740 4061 iu
1751 4009 1849 4078 quibos
1859 4011 1908 4080 ipsi
1921 4011 2074 4068 insaniunt:

1286 4109 1336 4149 nee
1350 4094 1441 4152 vident
1452 4098 1513 4168 qnia
1528 4098 1670 4155 mendaces
1682 4106 1754 4155 sutri.
1769 4100 1883 4169 Quando
1896 4102 1932 4157 illl
1946 4119 2025 4159 onum
2039 4104 2075 4160 do

1287 4187 1328 4242 rel
1343 4179 1499 4253 innito,'vel
1514 4190 1623 4245 calicem
1636 4191 1781 4246 salutarem
1796 4193 1906 4265 porrigo
1918 4182 2074 4262 saruciocet

1287 4281 1420 4350 quomodo
1432 4282 1565 4350 reficiam,
1581 4284 1687 4354 quando
1705 4286 1833 4342 iurenlc'l
1846 4288 1885 4344 Ne
1901 4289 1987 4345 inedia
2006 4290 2075 4347 dcli·

1287 4370 1354 4436 ciat,
1373 4380 1401 4427 ct
1417 4372 1451 4427 ad
1470 4373 1608 4428 sanitatem
1622 4390 1675 4430 non
1697 4380 1850 4446 perueniat,
1866 4379 1958 4436 lrortcr
1971 4392 1998 4438 ut
2011 4381 2074 4439 reu-

1287 4462 1340 4517 ciat
1353 4461 1364 4493 ⁸
1376 4481 1382 4516 :
1396 4477 1498 4535 pugnos
1516 4473 1608 4534 parat,
1623 4466 1718 4521 saeuire
1732 4468 1789 4522 nult
1803 4471 1830 4523 in
1850 4471 1992 4527 medicato.
2008 4472 2078 4531 Etsi

1288 4555 1458 4623 percusserit,
1474 4553 1613 4625 diligatur;
1629 4565 1659 4616 et
1670 4556 1693 4611 si
1708 4556 1833 4627 injuriant
1850 4560 1949 4627 iecerit,
1966 4578 2018 4617 non
2032 4579 2075 4620 re·

1288 4643 1420 4713 linquatur
1433 4662 1439 4699 :
1454 4645 1586 4700 rediturus
1598 4653 1639 4701 est
1652 4646 1684 4702 ad
1699 4658 1830 4703 mentem.
1846 4652 1944 4721 gratias
1957 4662 2075 4708 acturus.

1288 4735 1371 4801 Quam
1388 4735 1460 4788 multi
1477 4735 1519 4791 lric
1539 4745 1702 4806 cognoscunt
1717 4752 1763 4807 se,
1782 4740 1874 4794 uident
1895 4755 1924 4794 se
1946 4741 2074 4810 iunicum,

1289 4835 1316 4881 ct
1327 4827 1468 4895 loquuntur
1479 4825 1513 4881 de
1527 4842 1556 4883 se
1577 4827 1603 4882 in
1622 4827 1740 4884 Ecclesia
1755 4830 1820 4895 llei;
1836 4831 1861 4883 in
1874 4831 2001 4887 Ecclesiae
2014 4847 2077 4888 san·
2136 4887 2138 4892 ,

1289 4928 1338 4973 etro
1352 4919 1452 4989 grentio
1466 4918 1605 4974 attendunt
1618 4921 1704 4975 studia
1722 4937 1768 4976 sua
1779 4922 1834 4990 jam
1848 4921 1917 4976 bona
1933 4924 2002 4977 circa
2015 4939 2077 4980 ner-

1322 5163 1330 5192 ¹
1344 5161 1451 5210 nonnulli
1463 5168 1527 5215 ttss..
1538 5174 1648 5211 nternnu
1659 5161 1766 5225 corrigit
1777 5161 1829 5224 ipse
1838 5161 1904 5213 ducit
1915 5170 2057 5215 correction.

1322 5225 1331 5254 ¹
1344 5230 1408 5333 teni,
1420 5222 1573 5333 cnbtendcbns.
1586 5221 1751 5286 aliquosum,
1764 5220 1885 5275 tendebas.
1903 5225 1946 5289 tilii
1957 5239 2012 5276 cum
2023 5236 2075 5278 aru.

1291 5290 1374 5342 elEr..
1397 5297 1439 5334 crte
1456 5295 1491 5333 dt.

1322 5348 1332 5377 ³
1343 5356 1431 5395 onrnes
1442 5352 1494 5394 tiss.
1506 5352 1590 5414 errent
1599 5343 1683 5403 uerbo,
1695 5351 1774 5414 padus.

1322 5408 1390 5455 ⁸trs
1407 5405 1505 5465 tumido
1519 5404 1556 5456 tiit
1575 5418 1644 5455 mwn
1663 5405 1753 5465 medo,
1776 5405 1814 5457 uei
1829 5406 1929 5457 coletur
1945 5410 2084 5462 saltumn

1290 5467 1502 5532 perriqosnncio:
1520 5474 1543 5517 et
1561 5467 1677 5530 quomodo
1697 5465 1827 5531 reficimur?
1847 5468 1908 5529 Quid
1920 5468 2026 5530 intona,
2047 5481 2079 5521 tte

1290 5529 1373 5581 bediu
1383 5528 1481 5592 deliciet
1491 5527 1554 5579 etud
1563 5528 1836 5601 sutduemperoeniuti
1846 5536 1942 5590 uerter,
1950 5540 2001 5582 etc.
2013 5539 2090 5583 lm.

1290 5599 1354 5641 tim:
1365 5592 1463 5651 (inundo
1470 5588 1507 5640 illi
1516 5603 1585 5659 ornatu
1595 5592 1627 5640 de
1638 5590 1674 5641 uel
1687 5590 1773 5665 intuito²
1790 5590 1865 5643 cubes
1876 5592 1977 5643 notarunt
1987 5606 2012 5644 sc
2019 5604 2078 5643 tuu-

1291 5652 1352 5712 cr'nt,
1371 5650 1490 5706 necundo
1506 5651 1745 5722 rendumipuundc
1763 5652 1873 5713 tumido,
1893 5661 1941 5704 etc.
1965 5654 2037 5703 tatic.
2051 5659 2078 5704 et

1290 5714 1372 5764 coitu:
1396 5713 1495 5773 mundo
1506 5712 1543 5763 itti
1550 5714 1582 5763 dc
1593 5713 1629 5763 oei
1639 5714 1712 5764 unito
1722 5716 1823 5766 culicem
1834 5714 1947 5766 soluturis
1958 5713 2037 5773 mcci,
2055 5723 2079 5764 et

1291 5774 1407 5840 quonrodc
1418 5773 1535 5886 rffitinut,
1556 5784 1603 5825 etc.
1616 5774 1660 5846 alii
1679 5778 1801 5827 nonnulli:
1819 5776 1917 5834 mundo
1929 5774 1967 5826 illi
1977 5781 2032 5837 opto
2043 5769 2081 5846 pi

1290 5837 1361 5907 intrito
1371 5842 1398 5947 ab
1412 5850 1425 5884 c
1450 5836 1634 5887 ceurennum
1653 5836 1765 5902 eudemi.
1789 5838 1897 5898 Quidam,
1909 5834 2029 5899 Quando
2041 5835 2084 5887 tba

1290 5912 1371 5949 tnttttnt
1398 5911 1422 5953 o.
1434 5906 1481 5948 etc.
2059 5951 2061 5953 .

1322 5960 1358 6024 (u)
1372 5960 1484 6022 rtutittnnt
1495 5960 1619 6017 cumbunt,
1631 5962 1674 6024 qui
1690 5959 1789 6011 curules
1800 5974 1877 6024 equos
1887 5963 1911 6010 io
1922 5967 1988 6008 (arco
1999 5970 2074 6019 rege·

1291 6023 1332 6071 bat
1343 6029 1369 6070 et
1379 6023 1493 6083 agitalrat.
1506 6028 1529 6069 tn
1540 6024 1647 6083 aurigas,
1655 6026 1708 6072 siue
1716 6023 1767 6086 (qut
1778 6022 1850 6073 tidem
1858 6023 1925 6082 utut)
1936 6022 2081 6090 agitatores,

1292 6090 1373 6195 ffb*
1382 6081 1476 6178 tunuli}
1489 6082 1635 6134 arclatensis
1646 6082 1723 6147 pruni,
1736 6098 1788 6134 tarr.
1801 6084 1825 6144 b,
1840 6092 1865 6134 et
1877 6081 2076 6132 asennaeum

1318 6147 1387 6205 'tuiti
1400 6159 1451 6194 cau.
1466 6153 1509 6208 .tl,¹
