5025 6925
457 843 507 901 rsa
1000 841 1194 902 emundante
1214 839 1245 893 ta
1265 838 1423 896 usatnuu
1445 845 1521 899 uxr.

458 958 622 1031 l‘inpuesrent
643 961 704 1027 pines
723 961 822 1021 deserti,
843 970 865 1012 et
879 959 954 1026 colles
972 959 1138 1013 exsultatione
1154 957 1239 1011 nerin-

457 1062 556 1122 qentur.
570 1051 661 1119 Campi
674 1092 682 1116 ,
696 1049 796 1115 celles,
812 1050 877 1104 lines
891 1049 988 1126 deserti
1003 1092 1010 1115 ,
1027 1049 1103 1103 iidem
1119 1049 1166 1117 ipsi
1179 1057 1241 1100 strat

459 1145 590 1198 bomines.
613 1144 703 1211 tarrrpt
723 1153 828 1212 propter
842 1142 1017 1211 equalitatem
1034 1160 1040 1194 :
1056 1157 1118 1211 ergo
1134 1150 1240 1209 propter

456 1234 643 1304 aequalitatem,
660 1232 720 1287 inde
732 1233 793 1287 dieti
805 1241 866 1287 sont
878 1233 975 1301 campi,
988 1232 1078 1301 pepuli
1091 1231 1165 1299 justi.
1179 1229 1239 1283 Cel·

457 1326 498 1380 les
513 1334 621 1395 propter
632 1325 792 1390 erectionem
802 1341 809 1388 ;
820 1324 880 1394 quia
892 1324 968 1395 erigit
980 1325 1007 1377 in
1019 1340 1048 1377 se
1059 1323 1127 1377 Dens
1136 1337 1183 1376 eos
1193 1320 1238 1389 qui

456 1432 487 1471 se
498 1415 646 1470 barmiliant.
660 1415 740 1469 Fines
752 1415 860 1479 deserti,
875 1430 968 1469 omnes
982 1414 1089 1468 Gentes.
1104 1408 1190 1478 Qrtire
1206 1410 1237 1463 tr-

456 1523 504 1563 oes
522 1508 639 1563 deserti?
661 1499 761 1561 Desc'rti
776 1514 871 1571 erant;
893 1506 985 1560 nullus·
998 1506 1031 1559 ad
1045 1520 1091 1560 eos
1106 1503 1237 1574 Propheta

456 1600 553 1652 ruissus
566 1607 623 1653 erat
637 1615 644 1651 s
657 1599 695 1652 sic
709 1606 784 1653 crant
797 1598 832 1650 illi
846 1598 979 1667 quomode
992 1611 1107 1656 eremos,
1121 1612 1171 1664 qna
1185 1611 1236 1648 arm

457 1689 551 1743 transit
562 1689 650 1741 home.
665 1687 767 1741 Nullum
777 1688 886 1742 terbum
900 1687 945 1740 Dei
958 1687 1065 1739 artissmn
1075 1696 1115 1740 est
1125 1684 1237 1759 archn·

456 1779 557 1833 teszsoli
566 1779 661 1848 populo
669 1778 746 1832 lsrael
757 1778 963 1848 praedicaterem
972 1778 1235 1847 l‘replretae.l'errttrrn

454 1878 495 1921 est
507 1867 540 1920 ad
552 1868 689 1921 Doroinem
701 1885 707 1931 ;
719 1868 886 1923 crediderunt
897 1867 1025 1922 lrttntenta
1037 1868 1062 1920 in
1074 1868 1130 1937 ipso
1141 1869 1237 1937 popule

454 1959 615 2013 tooaeomm.
638 1959 703 2012 lbmr
726 1959 792 2013 dixit
814 1969 878 2014 tune
897 1959 1053 2027 discipulis:
1069 1958 1157 2011 Dicitis
1179 1960 1237 2027 iptio

454 2053 528 2124 lonqe
539 2060 574 2104 est
592 2053 677 2104 messis
688 2070 697 2117 ;
711 2053 824 2124 respicite
835 2094 842 2117 ‚
855 2062 878 2105 et
892 2052 972 2105 uidete
982 2052 1041 2121 quie
1052 2051 1116 2103 elder
1127 2061 1183 2104 sent
1194 2068 1236 2104 re·

455 2144 540 2211 pierres
551 2141 585 2194 ed
597 2158 706 2195 messem.
720 2143 780 2195 Pnit
789 2158 851 2213 ergo
864 2141 958 2196 messis
968 2142 1050 2211 prima
1061 2156 1068 2203 ;
1080 2140 1129 2194 erit
1139 2156 1235 2196 secon-

454 2236 488 2289 da
509 2236 535 2288 in
553 2237 645 2291 ultimo
664 2236 771 2290 sarculo.
793 2236 884 2290 llessis
904 2236 987 2304 prima
1001 2236 1034 2290 de
1045 2235 1143 2290 ludaeis
1154 2249 1161 2297 ;
1174 2235 1234 2305 quia

456 2327 624 2403 mittebantur
636 2327 668 2381 ad
679 2327 738 2380 illos
751 2326 888 2393 Propbete
899 2326 1084 2380 annuntiantes
1096 2335 1233 2380 venturum

451 2418 626 2473 saltatorem.
640 2418 701 2472 ideo
712 2418 777 2471 dixit
792 2417 926 2486 discipulis
938 2420 994 2473 suis
1007 2418 1141 2482 Dominus,
1160 2416 1235 2471 Vide-

452 2504 547 2575 te'quin
560 2508 624 2563 nlboe
637 2519 693 2563 strrrt
706 2510 817 2579 reqierres
829 2510 862 2562 ed
876 2526 977 2563 messem
991 2511 1132 2580 :regiones
1145 2511 1235 2579 utique

451 2598 562 2653 ludere.
578 2600 638 2663 Alii,
654 2600 751 2668 inqiut,
766 2600 953 2665 laboraverunt,
968 2611 990 2653 et
1004 2617 1046 2654 eos
1060 2602 1086 2653 in
1098 2618 1183 2654 eorum
1197 2603 1234 2654 lu·

451 2688 522 2742 iores
535 2690 646 2742 intrastis
659 2690 747 2758 (loon.
762 2706 805 2756 tn,
822 2692 872 2753 35,
888 2692 943 2759 38).
960 2690 1155 2745 laboraverunt
1169 2692 1233 2745 Pro·

451 2779 539 2847 ptretae
560 2787 588 2833 nt
607 2781 782 2844 seminarent,
803 2790 829 2835 et
845 2795 891 2838 ros
904 2797 964 2836 com
979 2781 1044 2836 laice
1064 2782 1180 2836 intrastis
1199 2782 1233 2838 ad

452 2871 559 2925 illorum
569 2872 682 2927 labores.
696 2873 773 2927 Facta
784 2882 825 2928 est
834 2887 897 2943 erqo
908 2874 1111 2942 prima-messis;
1123 2883 1150 2930 et
1161 2875 1231 2941 inde,

450 2960 485 3015 de
497 2962 554 3029 ipse
566 2961 697 3017 lrumento
709 2962 778 3033 qnod
794 2974 856 3018 tune
868 2972 1005 3034 purgatum
1019 2973 1073 3032 est,
1088 2966 1232 3019 setninatns

449 3060 490 3105 est
509 3050 582 3105 orbis
596 3060 741 3116 terrarrnn,
759 3063 784 3107 nt
799 3063 890 3123 surgat
899 3054 949 3108 alia
963 3055 1056 3110 messis
1068 3071 1127 3125 que
1138 3054 1164 3110 in
1181 3056 1232 3111 due

449 3141 570 3195 metenda
590 3152 640 3199 est.
660 3144 688 3196 ln
709 3144 825 3198 secunda
845 3159 931 3200 messe
945 3146 1152 3215 superseminata
1169 3159 1231 3201 sunt

449 3234 564 3297 zizania;
585 3234 665 3288 modo
680 3234 721 3289 liic
734 3235 878 3289 laborator.
897 3235 1034 3305 Quomodo
1046 3236 1072 3290 in
1088 3236 1132 3290 illa
1146 3237 1229 3306 prima

449 3325 633 3380 labarareront
646 3327 802 3396 Propbetre,
817 3341 953 3397 quousque
967 3329 1068 3384 reniret
1082 3330 1209 3385 Dominus
1221 3346 1229 3395 ;

447 3417 489 3470 sie
508 3417 533 3472 io
553 3418 602 3472 ista
623 3418 736 3474 secunda
753 3418 937 3474 laboraverunt
950 3419 1083 3489 Apostoli,
1097 3428 1124 3476 et
1138 3434 1231 3477 omnes

448 3506 635 3574 predicatores
655 3509 773 3563 veritatis
794 3509 932 3573 lalmrant,
954 3525 1090 3580 quousque
1104 3511 1130 3566 in
1149 3511 1228 3568 linem

449 3599 576 3653 Dominus
589 3601 675 3654 mittat
688 3602 713 3654 in
728 3616 840 3656 messem
856 3601 970 3670 Angelos
982 3617 1055 3657 snos.
1069 3603 1153 3658 Antea
1165 3620 1229 3674 ergo

446 3689 579 3744 desertum
593 3700 665 3755 erat;
679 3691 726 3746 sed
741 3693 899 3762 pirtpeeseeot
913 3694 976 3761 fines
988 3693 1087 3748 deserti.
1103 3695 1170 3750 Ecce
1184 3696 1227 3749 nbi

446 3780 585 3850 Proplretae
605 3797 656 3835 non
676 3793 828 3848 sonuerant,
844 3783 968 3838 Dominus
981 3785 1168 3853 Prophetarum
1182 3802 1225 3841 ae·

436 3880 538 3941 ,ceptus
557 3882 610 3928 est.
632 3872 798 3944 Pinqueseent
814 3875 876 3943 pines
895 3875 1002 3943 deserti,
1022 3885 1044 3929 et
1062 3876 1227 3931 exsultatione

445 3963 520 4018 colles
537 3965 707 4035 neeinqenter.

480 4056 523 4111 ts.
533 4053 608 4128 [esre.
623 4055 678 4128 ll]
688 4055 774 4110 induti
789 4066 846 4110 stent
859 4059 946 4113 arietes
956 4059 1039 4113 onium
1049 4076 1059 4112 .·
1069 4061 1226 4114 subandien-

444 4146 518 4214 dum,
528 4149 705 4203 exsultatione.
716 4150 772 4217 Qua
783 4151 853 4206 enim
864 4152 1040 4206 exsultatione
1049 4153 1130 4207 celles
1140 4155 1227 4207 accin-

442 4249 549 4308 gentur,
564 4239 614 4294 bac
628 4242 771 4295 induuntur
784 4242 880 4295 arietes
892 4243 988 4295 orium.
1002 4243 1051 4311 ipsi
1065 4245 1170 4310 arietes,
1182 4247 1226 4313 qni

443 4328 535 4382 eolles.
547 4329 635 4383 Colles
646 4330 727 4395 enim,
741 4331 914 4385 eminentiore
925 4332 1026 4400 gratia3
1041 4333 1147 4405 arictes,
1162 4335 1222 4403 quia

443 4420 525 4475 doces
537 4435 657 4490 gregum.
678 4421 780 4475 Arietes
797 4436 860 4490 ergo
873 4423 990 4489 Apostoli
1006 4423 1087 4476 induti
1102 4432 1163 4478 suut
1174 4439 1225 4479 ex·

439 4510 592 4575 saltatione,
606 4511 718 4579 pandent
732 4510 765 4565 de
778 4510 906 4566 lrnetibus
918 4513 989 4572 suis:
1004 4528 1056 4567 aon
1071 4515 1128 4568 sine
1140 4528 1219 4569 causa

443 4602 647 4671 laboraverunt,
664 4623 715 4661 non
730 4607 788 4661 sine
807 4622 884 4661 carisa
904 4608 1120 4678 predicaverunt.
1137 4607 1226 4663 induti

441 4704 501 4748 sunt
520 4696 609 4750 arietes
622 4700 719 4764 oriam,
732 4711 756 4753 et
769 4701 893 4754 conuelles
905 4701 1065 4755 abundabunt
1078 4705 1201 4772 [reortento
1216 4719 1225 4757 .·

441 4796 470 4841 et
488 4786 601 4843 lrnmiles
620 4792 707 4859 populi
722 4792 839 4845 multmn
860 4793 971 4848 lroetnm
989 4793 1108 4850 allerent.
1123 4793 1225 4847 Clema-

441 4877 502 4931 lnrnt
520 4879 604 4933 :inde
622 4881 792 4936 abundabunt
812 4882 962 4950 frumento,
983 4887 1043 4952 quia
1065 4885 1223 4940 clamabunt.

441 4971 510 5036 Quid
530 4972 700 5028 clanabant?
719 4973 817 5028 Etenim
837 4977 956 5046 lrpmnum
976 4978 1066 5030 dicent.
1088 4978 1166 5031 Attae
1185 4991 1226 5032 est

440 5061 513 5115 enirn
525 5062 638 5117 clamare
650 5064 777 5119 adsersus
791 5067 883 5131 Deum,
897 5067 967 5121 alind
980 5063 1105 5137 lty‘rnnntn
1118 5070 1224 5134 dicere,

440 5151 512 5205 aliod
525 5155 639 5209 clamare
652 5155 799 5225 sacrilegia,
812 5156 883 5210 aliud
898 5158 1012 5212 elamore
1025 5158 1114 5211 landes
1128 5158 1184 5212 Dei.
1197 5161 1224 5212 Si

441 5244 542 5299 clamas
557 5246 583 5299 in
601 5246 880 5317 blasphemiaspinas
894 5249 1039 5319 protulisti3
1054 5251 1075 5304 si
1089 5252 1187 5305 clamas
1199 5251 1224 5304 in

442 5330 553 5402 lryntno,
569 5337 685 5391 abundas
701 5340 841 5393 lrurnento.

659 5546 699 5605 ΙΝ
721 5546 907 5607 Psattttttt
929 5547 1012 5606 th

739 5667 947 5723 ttttntutattd

693 5795 776 5835 sendo
803 5797 836 5834 At)
858 5797 969 5835 resuta.

475 5895 502 5947 l.
522 5893 605 5967 [eerr-
621 5889 667 5963 l.]
686 5889 840 5945 inscribitur
852 5892 878 5945 in
892 5892 966 5945 titolo
980 5895 1095 5961 psalmus
1109 5894 1176 5955 iste,
1190 5893 1223 5947 ln

439 5986 532 6051 nnete,
551 5984 676 6037 euntieunt
690 5980 785 6035 Psalmi
804 5983 998 6035 resurrectionis.
1020 5983 1052 6036 Irr
1072 5986 1146 6050 finem
1162 6001 1221 6038 emn

438 6076 551 6141 auditis,
565 6075 671 6147 quando
691 6073 788 6129 Psalmi
801 6074 1020 6144 pronuntiantur,
1043 6076 1068 6129 in
1087 6075 1221 6130 Clrristum

439 6167 590 6238 intelligit&
601 6168 707 6223 dicente
726 6165 852 6234 apostate
865 6182 872 6218 :
886 6163 958 6220 Finis
975 6165 1132 6238 enimLepis
1145 6167 1220 6222 Ciri-

439 6272 500 6328 suu,
525 6260 561 6314 ad
573 6260 701 6332 iristitiam
721 6260 788 6313 enni
806 6259 915 6313 credenti
934 6258 1017 6328 (floro.
1035 6275 1067 6323 r,
1085 6261 1120 6332 lp
1145 6259 1217 6328 erro-

2024 861 2075 914 isti

1296 955 1374 1008 medo
1392 972 1455 1027 erpo
1469 957 1511 1013 hic
1525 969 1643 1016 cantetur·
1658 968 1830 1029 resurrectio,
1850 980 1875 1023 ct
1894 971 1968 1039 cttjus
1985 987 2075 1029 resur·

1294 1047 1393 1108 rectio,
1415 1059 1540 1116 qnantum
1563 1053 1618 1123 ipse
1641 1054 1738 1111 donare
1762 1069 1789 1113 et
1806 1061 1909 1127 aperire
1935 1062 2073 1131 dignatur.

1292 1134 1413 1191 audietis.
1430 1138 1657 1199 Resurrectionem
1670 1149 1740 1201 enim
1755 1148 1894 1203 Christiani
1911 1154 2030 1206 norimus
2050 1157 2079 1209 in

1292 1223 1377 1293 capite
1401 1236 1490 1281 nestro
1508 1230 1562 1300 iant
1583 1231 1687 1300 lectam,
1708 1248 1735 1292 rt
1757 1238 1783 1291 in
1809 1241 1934 1294 metnbris
1950 1241 2073 1298 luteram.

1292 1315 1376 1385 liaput
1391 1318 1516 1375 Ecclesiae
1527 1323 1647 1381 Christus
1658 1337 1708 1391 est,
1720 1332 1838 1385 nretubra
1848 1334 1946 1388 lllrristi
1958 1336 2073 1390 Ecclesia

1293 1403 1399 1475 (Colore.
1414 1424 1432 1471 r,
1448 1410 1501 1481 l8).
1515 1412 1590 1479 Qtrod
1604 1406 1737 1483 precessit
1751 1420 1776 1473 in
1791 1422 1894 1490 capite,
1908 1435 2034 1492 sequetur
2048 1426 2072 1476 in

1291 1509 1411 1564 corpere.
1428 1499 1489 1554 llaec
1506 1511 1547 1556 est
1564 1518 1624 1573 spes
1637 1517 1725 1562 nostra
1738 1527 1744 1560 ι
1759 1510 1791 1563 ad
1807 1511 1857 1565 boe
1874 1512 2025 1574 creditisne,
2042 1516 2072 1567 ad

1291 1584 1342 1640 boc
1361 1586 1496 1656 duramus,
1517 1602 1543 1647 et
1557 1609 1754 1662 perseveramus
1774 1602 1799 1654 in
1826 1613 1896 1658 tanta
1915 1606 2074 1675 malignitate

1292 1676 1369 1745 lrtrJns
1381 1681 1468 1735 saculi
1480 1724 1487 1746 ,
1501 1686 1654 1742 consolante
1665 1704 1714 1743 nos
1726 1705 1783 1760 spe,
1799 1704 1938 1763 antequam
1954 1710 2015 1765 spes
2029 1699 2073 1751 liat

1292 1780 1344 1819 res.
1362 1766 1414 1821 Res
1430 1771 1563 1827 enituerit
1576 1786 1671 1832 comet
1686 1792 1733 1832 nos
1752 1786 1990 1847 resurrexerinms‚
2007 1796 2032 1839 et
2047 1786 2072 1838 in

1289 1857 1425 1913 catenen
1437 1862 1445 1892 ⁸
1456 1860 1573 1917 habiturn
1587 1869 1751 1934 communiti,
1763 1871 1877 1940 aquales
1891 1875 1997 1943 Angelis
2011 1874 2071 1929 lacti

1290 1947 1425 2005 laesimus.
1439 1952 1502 2020 Quis
1515 1954 1565 2010 ltee
1575 1970 1682 2026 sperare
1694 1960 1820 2028 auderet,
1836 1963 1885 2017 nisi
1901 1965 1997 2018 ceritas
2010 1981 2071 2033 pro-

1290 2042 1423 2099 mitteret?
1444 2045 1516 2100 Hane
1534 2057 1621 2104 aretem
1645 2065 1720 2120 spem
1744 2055 1899 2121 promissam
1918 2056 1968 2110 sibi
1988 2057 2070 2111 ludet

1290 2134 1427 2200 tenebant;
1440 2145 1467 2191 et
1480 2137 1513 2192 de
1524 2138 1599 2194 benis
1610 2150 1636 2194 et
1648 2142 1721 2211 quasi
1732 2143 1810 2213 justis
1824 2148 1947 2213 operibus
1959 2149 2070 2210 inultum

1288 2226 1476 2295 gloriabantur,
1487 2231 1555 2298 qnod
1567 2245 1722 2301 acceperant
1734 2235 1827 2305 Legem
1838 2238 1982 2293 secumlum
1993 2256 2069 2309 quam

1290 2316 1400 2371 virendo
1413 2329 1440 2372 et
1454 2318 1496 2374 bie
1508 2320 1635 2377 haberent
1648 2326 1714 2378 bena
1726 2327 1856 2390 earttalia,
1871 2340 1898 2381 et
1910 2329 1936 2382 in
1952 2344 2070 2384 resurre-

1288 2408 1376 2464 etione
1398 2415 1561 2467 mortiterum
1584 2415 1644 2469 talia
1666 2418 1806 2485 sperabant
1834 2419 1868 2472 de
1886 2421 2008 2488 qrralibus
2029 2423 2070 2476 bie

1287 2499 1442 2567 gandebant.
1465 2502 1604 2573 Propterea
1619 2505 1779 2571 sadducaeis,
1792 2511 1836 2579 qtd
1853 2511 1982 2581 negabant
2001 2513 2070 2567 lutri-

1288 2604 1343 2643 ram
1358 2595 1594 2661 resurrectionem,
1608 2597 1691 2652 lndaei
1705 2600 1866 2669 respondere
1880 2619 1931 2656 nen
1949 2614 2070 2673 poterant

1288 2684 1494 2748 proponentibus
1506 2688 1688 2754 questionem,
1701 2704 1780 2758 quam
1798 2691 1909 2745 Domine
1923 2710 2065 2764 preposue-

1287 2780 1348 2823 runt
1357 2772 1435 2826 iidem
1446 2773 1592 2830 Sadducaei.
1608 2776 1672 2832 llinc
1682 2779 1751 2832 enim
1764 2780 1934 2851 intelligimus
1944 2799 1990 2839 eos
2001 2785 2069 2842 barte

1286 2862 1456 2928 quaestionem
1474 2866 1577 2920 solvere
1595 2882 1646 2920 non
1661 2868 1792 2937 potuisse,
1814 2870 1873 2940 quia
1889 2872 1999 2927 Dentirto
2013 2876 2079 2929 sot·

1285 2962 1362 3007 rente
1375 2954 1461 3008 mirati
1481 2964 1549 3010 sunt.
1566 2956 1824 3030 Propooebanterge
1836 2960 1970 3017 Sadducaei
1993 2981 2066 3034 qrae-

1285 3044 1397 3099 stionem
1407 3046 1441 3102 de
1450 3049 1560 3118 quadam
1572 3050 1692 3116 nnrliere,
1703 3067 1762 3121 qum
1773 3041 2065 3123 trimitanensibus,

1285 3151 1336 3190 aon
1361 3138 1456 3204 simol,
1482 3141 1528 3195 sed
1549 3142 1721 3198 succedentes
1742 3143 1801 3197 sint.
1828 3144 1893 3215 Erat
1920 3147 1989 3201 enim
2016 3147 2066 3203 lme

1285 3227 1349 3297 legis
1359 3229 1391 3282 ad
1406 3232 1528 3300 populum
1541 3234 1749 3304 propagandum,—
1759 3246 1787 3289 ιιι
1797 3237 1839 3306 qui
1854 3235 1988 3294 lartesine
2002 3241 2066 3295 libe-

1284 3320 1320 3372 ris
1343 3319 1538 3391 delnngeretur,
1562 3324 1642 3379 irater
1662 3326 1730 3393 eius,
1750 3327 1772 3380 si
1794 3326 1911 3392 baberet,
1934 3330 2066 3399 acciperet

1285 3423 1391 3465 uxerem
1405 3411 1472 3480 ejus,
1487 3413 1519 3467 ad
1534 3414 1713 3471 suscitandum
1726 3399 1816 3472 semen
1829 3417 1900 3473 iratri
1916 3435 1965 3475 sue
1978 3419 2063 3492 (Dent

1284 3515 1345 3567 rtur,
1361 3501 1401 3571 5).
1420 3502 1557 3573 Proposita
1571 3522 1634 3576 ergo
1652 3507 1831 3575 illamrulicre,
1845 3527 1903 3582 qum
1917 3511 2007 3567 babuit
2021 3530 2064 3567 sc·

1284 3603 1353 3660 ptem
1367 3594 1438 3649 vires
1448 3611 1540 3651 omnes
1553 3609 1670 3653 mortuos
1684 3599 1742 3654 sine
1752 3600 1852 3668 tiberis,
1864 3617 1890 3657 et
1902 3603 1934 3656 ad
1948 3603 1997 3658 boc
2008 3603 2065 3658 olli-

1281 3685 1350 3737 cinm
1371 3680 1531 3755 irnplendum
1552 3688 1678 3745 docentes
1700 3689 1786 3745 lrntris
1800 3707 1919 3756 exerent,
1941 3694 2065 3749 dixerunt

1281 3782 1450 3842 quarentes:
1467 3774 1498 3829 ln
1516 3779 1696 3832 ressurrectione
1717 3781 1788 3849 cnjm
1810 3798 1894 3835 eorum
1916 3784 1962 3837 erit
1979 3786 2065 3837 uror?

1282 3866 1376 3922 Procul
1390 3869 1470 3923 dubie
1482 3869 1566 3924 indui
1581 3888 1632 3925 non
1648 3871 1839 3941 fatigarentur.
1855 3891 1906 3929 non
1920 3877 2064 3930 delicerent

1273 3956 1307 4009 'in
1321 3957 1368 4012 ista
1391 3960 1546 4027 quaestione,
1569 3961 1591 4013 si
1606 3955 1663 4014 mm
1680 3963 1740 4015 talia
1763 3964 1812 4017 sibi
1831 3965 1856 4016 in
1872 3966 2064 4020 resurreetione

1281 4057 1429 4116 sperarent,
1440 4049 1524 4116 qualia
1537 4051 1650 4119 agebant
1663 4051 1687 4103 in
1702 4051 1749 4105 bac
1760 4055 1822 4106 rint.
1839 4054 1964 4107 Dominus
1974 4065 2061 4107 antem

1281 4137 1455 4206 :equalitatem
1478 4139 1637 4209 Angelorum
1661 4146 1833 4210 prontitteas,
1854 4160 1905 4197 non
1921 4144 2062 4199 lrttntanam

1280 4227 1367 4279 carnis
1391 4229 1604 4296 corruptionem,
1628 4229 1664 4283 ait
1686 4231 1758 4284 illis:
1788 4231 1901 4297 Erratis,
1929 4234 2062 4286 nescienter

1282 4315 1446 4385 Scriptores,
1462 4336 1540 4389 neque
1554 4321 1666 4375 rirtutenr
1679 4321 1736 4374 dci.
1754 4321 1784 4376 ln
1799 4327 1978 4379 resurrectione
1997 4328 2062 4379 enim

1281 4425 1357 4478 neque
1367 4409 1466 4473 nudent,
1477 4426 1555 4480 rrcqrte
1562 4429 1651 4466 osores
1663 4413 1752 4466 ducent
1762 4430 1771 4468 .·
1781 4432 1860 4487 neque
1869 4418 1934 4470 ertim
1946 4418 2063 4487 diripient

1280 4500 1352 4573 errori,
1363 4499 1407 4554 sed
1416 4510 1487 4554 eruut
1497 4503 1604 4571 teqttules
1615 4504 1715 4574 Anqelis
1724 4502 1769 4558 Dei
1778 4504 1880 4578 (lluttlt.
1897 4524 1960 4573 ran,
1972 4508 2007 4562 Di
2016 4509 2061 4571 50,

1280 4602 1303 4645 et
1315 4591 1375 4645 an.
1385 4608 1429 4658 xx,
1437 4593 1540 4663 Didii).
1548 4594 1817 4667 Demonstravitqirod
1827 4599 1861 4652 ibi
1870 4599 1904 4653 sit
1915 4602 2061 4656 necessaria
2133 4654 2137 4664 ,

1280 4685 1421 4749 successio,
1438 4686 1480 4740 ubi
1499 4685 1728 4742 doletnrdeeessie
1743 4690 1771 4742 ἰ
1787 4688 1823 4744 ibi
1836 4691 1894 4760 qnia
1909 4690 2062 4746 decessores

1281 4792 1332 4829 nrm
1345 4786 1441 4842 erum,
1457 4792 1505 4832 nee
1518 4794 1684 4834 successores
1696 4791 1856 4849 querentur.
1872 4783 1910 4835 Ad
1928 4782 1977 4837 bne
1991 4785 2060 4838 enim

1280 4869 1407 4936 snlrjecit:
1432 4869 1491 4922 Non
1504 4871 1569 4922 eninr
1581 4871 1700 4941 incipient
1712 4875 1785 4927 uteri.
1800 4874 1984 4929 Vertnntamen
2001 4879 2060 4944 qnia

1280 4958 1362 5012 itrdmi
1378 4960 1520 5022 tenebant,
1536 4961 1584 5014 etsi
1599 4963 1755 5029 earnaliter,
1773 4979 1846 5033 spem
1861 4969 2061 5021 ressurectionis

1281 5052 1390 5115 litturae,
1406 5049 1487 5118 ganisi
1501 5059 1563 5105 sunt
1577 5043 1730 5122 responsum
1744 5070 1803 5110 esse
1816 5054 1984 5120 Sadducaeis,
2001 5076 2061 5113 enm

1279 5142 1374 5211 quibus
1389 5142 1439 5195 illis
1453 5152 1509 5197 erat
1520 5144 1553 5198 de
1566 5143 1614 5199 bae
1631 5146 1735 5214 ancipiti
1750 5156 1777 5200 et
1788 5147 1898 5202 obscura
1914 5134 2072 5216 quaetione*

1265 5243 1422 5289 certamen.
1439 5233 1574 5290 Terrebant
1587 5252 1650 5305 ergo
1671 5236 1755 5291 tutet
1768 5254 1841 5308 spem
1860 5245 2064 5299 resurrectionis

1281 5332 1460 5388 mortuerom;
1474 5334 1500 5378 et
1512 5325 1582 5378 solos
1592 5340 1621 5379 se
1632 5325 1664 5380 ad
1678 5326 1780 5381 beatam
1794 5329 1872 5383 ritum
1894 5344 2061 5390 resurrectu-

1281 5430 1324 5466 res
1336 5416 1476 5483 sperabant
1488 5415 1498 5445 ³
1512 5426 1618 5486 propter
1628 5432 1694 5484 opus
1706 5417 1793 5488 Legis,
1806 5432 1832 5474 ct
1847 5427 2059 5493 propter·jrrstili.·

1279 5507 1396 5560 tentiones
1409 5507 1619 5574 Scripturarnm,
1634 5523 1698 5577 quas
1713 5509 1843 5565 lrabebant
1855 5515 1904 5568 soli
1917 5516 2018 5580 italici,
2033 5528 2060 5570 et

1279 5597 1375 5652 Gentes
1388 5613 1439 5651 non
1455 5597 1593 5651 trabebant.
1608 5597 1754 5656 Cruciltxtts
1766 5611 1806 5655 est
1817 5604 1951 5669 (Iltristns;
1963 5611 2059 5662 cirritos

1279 5706 1309 5743 ee
1323 5697 1393 5758 porte
1411 5686 1494 5741 lsrael
1505 5691 1571 5758 [netu
1585 5700 1630 5753 est,
1644 5699 1670 5744 nt
1680 5692 1808 5760 plenitudo
1829 5695 1943 5749 Ceruium
1956 5701 2060 5753 intraret

1279 5781 1364 5846 (ileon
1380 5796 1419 5844 ιιι,
1442 5775 1488 5850 95)
1503 5798 1509 5833 :
1526 5780 1575 5834 boe
1589 5783 1715 5852 Apostolo
1736 5782 1848 5841 dicente.
1873 5789 1958 5857 lioepit
1980 5790 2058 5843 teiam

1279 5868 1405 5925 Gentibus
1416 5871 1530 5938 promitti
1541 5874 1697 5927 resurrectio
1708 5883 1880 5943 mertuorum,
1892 5879 2061 5934 credentibus

1310 6030 1317 6057 ¹
1331 6024 1440 6090 Plerique
1453 6035 1513 6082 atas..
1527 6027 1665 6098 celestium.

1277 6088 1463 6199 Μῖιῖὶἕριςιὲῃοιι
1475 6089 1540 6149 ree,
1549 6086 1581 6140 tn
1592 6100 1637 6139 ttort
1645 6097 1674 6140 stt
1685 6093 1818 6142 necessarie
1830 6093 1953 6153 antecessio,
1968 6093 2007 6144 nbi
2016 6095 2057 6171 de·

1276 6277 1285 6319 ¹
1302 6211 1318 6318 ἒ
1331 6209 1441 6320 egeritque
1452 6218 1515 6271 uss,
1523 6211 1567 6263 soli
1575 6213 1642 6264 eod
1652 6209 1744 6262 metit
1754 6212 2061 6282 tt'teomestrrreetttrotqtt·

1286 6284 1301 6319 o
1315 6284 1345 6319 arn
1359 6315 1367 6328 ,
2123 6309 2124 6312 =
