5025 6925
455 742 504 797 199

483 855 528 909 20.
548 851 621 924 [cers.
637 847 690 918 15.)
711 845 742 899 Et
761 846 869 898 iocatum
887 853 922 895 cst
939 857 966 894 os
984 854 1064 890 rrteaas
1084 836 1110 887 in
1124 833 1227 885 tribula-

449 946 515 998 tione
536 957 600 995 raca.
623 939 705 1006 Quam
727 935 811 990 duleis
825 944 866 990 est
884 947 954 1001 saepae
978 928 1126 984 tribulatio!
1147 938 1225 995 quam

450 1033 612 1088 necessaria!
625 1030 692 1096 Qaad
705 1030 738 1083 ilri
757 1028 872 1081 locutum
884 1033 925 1078 est
936 1037 966 1075 os
980 1021 1063 1091 ipsius
1078 1020 1102 1072 ia
1117 1016 1226 1070 tribula-

449 1125 519 1177 tione
533 1123 598 1175 stra?
614 1120 764 1175 llalceaasta
773 1113 1018 1179 medullataciieram
1029 1112 1081 1165 tibi.
1095 1108 1161 1178 Quid
1175 1118 1227 1169 est,

449 1185 606 1267 andelium?
625 1212 696 1266 lutus
711 1220 812 1263 teneam
833 1206 987 1262 elraritatent
1003 1206 1091 1265 tuaru'3
1107 1215 1157 1253 uon
1177 1200 1228 1253 erit

439 1300 478 1355 'iu
502 1302 657 1370 superlieie,
681 1301 705 1354 in
728 1298 848 1353 medullis
863 1295 930 1350 meis
941 1294 991 1349 erit
1007 1291 1077 1362 qarod
1097 1290 1177 1359 diligo
1192 1298 1227 1342 te.

400 1403 405 1412 “
449 1369 519 1448 dura
534 1395 604 1449 enim
623 1393 731 1447 interius
751 1389 872 1445 medullis
889 1386 1009 1442 nostris:
1029 1383 1153 1437 interiora
1167 1394 1244 1460 ossa¹

448 1498 509 1540 sarra
533 1500 621 1547 came,
637 1483 759 1538 medullae
782 1482 921 1536 interiores
944 1487 1004 1531 sunt
1026 1475 1089 1544 ipsis
1113 1473 1226 1527 ossibus.

449 1577 573 1645 Quisquis
587 1592 649 1646 ergo
662 1576 687 1630 iu
702 1572 840 1643 superficie
852 1571 915 1625 colit
928 1570 1020 1629 betam,
1032 1566 1115 1635 magis
1125 1564 1229 1631 placare

448 1668 504 1721 vidt
529 1667 695 1727 ltomiuilrus;
723 1664 792 1719 aliud
813 1672 901 1718 auteur
926 1661 995 1714 intus
1017 1658 1151 1716 sentiens,
1176 1670 1227 1707 tran

448 1760 524 1815 ollcrt
539 1760 689 1815 lruloeausta
711 1756 881 1813 arednllarunt
906 1771 914 1808 ε
935 1752 1009 1820 caius
1024 1757 1111 1803 autem
1124 1746 1227 1801 metut-

449 1850 500 1903 lam
516 1851 629 1919 inspicit,
646 1850 729 1917 ipsum
744 1856 826 1901 totum
839 1846 941 1913 accipit.
962 1842 1113 1896 llolocansta
1129 1838 1226 1890 araeded·

449 1942 500 1994 lata
512 1941 616 2008 opimam
628 1942 681 2004 tilri,
692 1956 746 1994 carn
756 1941 854 1992 incasso
864 1946 886 1990 ct
899 1933 1024 1989 arietibus.
1038 1929 1228 1986 naioresduces

389 2019 391 2024 ’
449 2031 591 2087 Ecclesiae:
602 2040 683 2086 toturn
697 2045 792 2099 corpus
804 2027 898 2082 Christi
910 2024 1037 2093 loquitur;
1052 2022 1102 2075 ltere
1110 2029 1150 2074 est
1159 2017 1227 2089 quod

448 2123 524 2176 alieri
543 2124 606 2177 beo.
631 2122 767 2176 luccasuut
780 2118 843 2188 quid
857 2116 916 2172 est?
934 2114 1034 2169 Oratio.
1054 2111 1117 2167 Cam
1129 2112 1229 2163 incenso

448 2223 471 2267 rt
483 2214 618 2267 arietibus?
632 2212 741 2266 llaxime
756 2213 824 2265 enim
837 2210 934 2263 arietes
946 2214 1023 2260 orarit
1036 2220 1083 2271 pro
1094 2201 1226 2271 gregium.

449 2303 561 2369 (illerum
575 2304 619 2357 tibi
629 2303 700 2357 bocas
712 2319 768 2354 cnm
788 2302 872 2353 birris.
894 2298 978 2352 Butes
991 2295 1138 2348 invenimus
1153 2292 1228 2346 triur-

448 2404 545 2460 rantes¹
560 2403 586 2448 et
600 2396 648 2463 ipsi
661 2393 804 2447 alterantur
816 2392 878 2443 beo.
895 2387 1035 2456 Apostolus
1046 2384 1080 2439 de
1090 2383 1229 2438 anrrtrutia-

448 2483 548 2537 toribus
566 2466 699 2551 Evangelii
718 2481 783 2534 alitis
800 2475 997 2546 intelligendum
1011 2473 1080 2542 quod
1101 2472 1226 2541 scriptum

447 2582 488 2626 cst
503 2588 510 2625 :
523 2571 586 2625 Boni
598 2572 724 2625 trituranti
735 2587 763 2624 os
776 2586 825 2623 nou
838 2565 982 2638 irtlrcrrnbis.
998 2562 1128 2632 lirratqtrid
1139 2564 1171 2617 de
1183 2563 1227 2616 ba·

447 2664 492 2718 bas
511 2667 616 2734 pertinet
628 2665 661 2718 ad
676 2663 756 2717 barra
771 2661 780 2732 (
794 2661 803 2715 Ι
815 2659 874 2717 Cor.
890 2676 926 2722 rx,
943 2658 993 2727 il?
1007 2657 1076 2726 Ergo
1088 2654 1175 2725 magni
1190 2654 1226 2709 illi

447 2756 558 2817 arictes,
575 2756 660 2824 magni
673 2755 763 2810 bores.
777 2752 843 2820 Quid
860 2751 973 2819 reliqui,
993 2748 1036 2816 qui
1051 2749 1116 2801 lorte
1128 2744 1227 2800 conscii

447 2859 508 2902 sard
519 2848 665 2917 aliquorum
682 2855 847 2917 peccatorum
861 2858 869 2907 3
884 2842 927 2911 qui
941 2840 1007 2894 lorte
1023 2840 1048 2892 in
1064 2838 1121 2907 ipso
1133 2836 1227 2890 itincre

446 2939 512 3009 lapsi
538 2948 619 3006 sura,
641 2948 668 2993 et
691 2937 797 2991 sauciati
821 2951 867 3003 per
882 2932 1062 3003 poerritentiam
1084 2926 1227 2983 sanantur?

446 3028 577 3098 Numquid
599 3037 625 3084 et
639 3027 687 3098 ipsi
703 3025 886 3090 seruauebunt,
909 3033 935 3077 ct
955 3021 987 3075 ad
1007 3019 1225 3075 holocaustauma

446 3121 632 3189 perttuetaunt
647 3120 684 3175 lic
699 3119 746 3190 ipsi
763 3119 881 3179 timeant,
895 3114 995 3169 addidit
1006 3121 1034 3167 et
1047 3113 1133 3207 lrireos
1148 3129 1154 3163 :
1173 3109 1227 3163 llo·

445 3213 567 3278 iacaruta,
583 3214 676 3283 inquit,
691 3211 828 3265 taeduliata
839 3207 943 3275 offeram
953 3206 1006 3268 tibi,
1026 3221 1082 3259 cum
1094 3204 1193 3256 incenso
1204 3212 1226 3255 et

445 3304 561 3358 arietibus
575 3302 699 3369 :offeram
717 3301 760 3354 tilri
774 3302 845 3354 loces
865 3315 922 3352 caut
940 3296 1025 3350 lrircis.
1052 3291 1226 3363 ddjttuotiaue

445 3395 500 3462 ipsa
520 3394 655 3448 salvantur
675 3392 740 3445 birci
766 3408 771 3443 :
796 3406 842 3463 pet
855 3404 884 3442 sc
901 3405 951 3442 artu
967 3394 1094 3455 possunt;
1110 3382 1224 3452 aaljuucti

446 3486 529 3538 bobus
542 3483 716 3552 accipinutur.
740 3482 871 3535 Fecerunt
887 3480 959 3535 euim
973 3478 1074 3563 amicus
1091 3476 1125 3531 de
1140 3492 1224 3528 maur·

447 3590 526 3630 mona
550 3575 708 3645 itriquitatis,
737 3584 765 3627 ιιι
790 3572 839 3641 ipsi
865 3559 991 3640 recipiant
1013 3584 1060 3622 eos
1081 3569 1107 3622 in
1127 3576 1225 3621 aeterna

445 3666 615 3723 saltemaculc
643 3663 728 3740 (ιιι.
751 3681 814 3726 xtr,
841 3662 888 3726 9).
909 3655 985 3732 'Ergo
1010 3661 1054 3714 isti
1080 3661 1144 3714 birci
1172 3674 1224 3713 nou

443 3770 547 3815 cauma
562 3760 692 3824 sinistris,
709 3760 768 3828 quia
784 3757 904 3812 lecerttut
915 3757 964 3809 sibi
978 3755 1077 3808 auricus
1094 3752 1127 3806 de
1141 3768 1225 3806 maur·

444 3864 521 3903 rauna
533 3848 687 3920 iniquitatis.
702 3849 751 3916 Qui
766 3856 853 3901 annm
868 3845 933 3900 lt'irei
948 3845 980 3898 ad
992 3844 1144 3898 sinistrant?
1156 3842 1224 3909 Qui·

444 3943 492 3996 bas
506 3943 617 4009 dicetur,
641 3941 749 4007 Esurirt',
773 3950 797 3994 et
812 3959 861 3994 ttotr
874 3941 977 3993 dedistis
997 3939 1058 3991 trailri
1074 3938 1226 3990 manducare

444 4033 548 4103 (llcttlr.
568 4050 612 4097 xv,
632 4034 675 4104 ld)
698 4051 705 4085 ε
728 4050 779 4087 ιιιιιι
801 4033 844 4103 qui
864 4042 969 4103 peccata
988 4044 1034 4084 sua
1050 4027 1224 4099 eleemosynis

444 4126 621 4181 redemerunt.

477 4219 521 4272 at.
551 4217 625 4292 [aaa.
651 4217 705 4282 td,
730 4217 784 4290 Π.)
807 4216 909 4279 Venite,
934 4215 1034 4279 audite,
1059 4223 1082 4269 et
1105 4215 1223 4278 narrabo,

444 4326 528 4364 artinas
549 4311 592 4381 qai
610 4310 700 4365 duretis
720 4310 810 4364 Deam.
837 4309 987 4372 Veniautas,
1007 4308 1144 4361 audiamus
1161 4305 1224 4376 quid

444 4410 600 4455 narraturus
620 4411 669 4455 est.
686 4401 790 4465 Venite,
814 4401 916 4463 audite,
938 4409 960 4452 et
973 4398 1088 4452 rrarrubo.
1102 4398 1153 4452 Sed
1168 4397 1223 4466 qui,

453 4493 537 4546 Venite
551 4502 573 4546 et
587 4493 694 4546 andita?
718 4493 809 4547 Ostanes
829 4494 872 4562 qni
885 4492 973 4544 timetis
986 4490 1075 4544 Deunr.
1096 4489 1124 4544 si
1142 4489 1224 4542 Deuru

444 4600 496 4637 nan
512 4583 620 4647 timetis,
642 4599 692 4637 raon
715 4584 837 4636 narrabo.
855 4582 911 4636 Nou
932 4591 973 4636 est
984 4580 1079 4650 quibus
1094 4588 1224 4643 narretur,

444 4674 488 4729 ulti
502 4674 546 4729 bet
562 4675 640 4728 timor
651 4690 702 4727 nau
716 4683 767 4729 est.
784 4675 829 4747 liei
844 4675 922 4727 timor
935 4674 1037 4743 aperiat
1048 4686 1135 4735 aures,
1151 4679 1180 4725 ut
1190 4671 1225 4724 sit

443 4760 1223 4836 qttrdinmutetqueintretquodnarratttrtrssrtm.8edqtrid

434 4837 482 4910 ¹cst
493 4857 661 4912 rmrraturus?
674 4856 774 4923 Quanta
784 4857 840 4926 [ecit
851 4856 941 4908 aniaroe
953 4871 1021 4908 arsere.
1036 4854 1104 4908 tir-ee
1117 4867 1224 4906 cantare

444 4951 512 5012 t·uit;
524 4951 569 5004 sed
578 4951 687 5020 quidest
698 4950 863 5019 narraturus?
873 4951 910 5000 du
923 4948 990 5003 lorte
1000 4955 1124 5015 qrrautum
1138 4954 1226 5014 pateat

445 5049 524 5105 terra,
537 5050 662 5110 quantum
681 5040 846 5095 distendatur
868 5039 974 5100 cmlnm,
991 5046 1018 5092 et
1031 5047 1095 5107 quot
1115 5038 1169 5091 siut
1187 5036 1224 5089 si-

444 5129 518 5191 dera,
537 5139 563 5183 ct
575 5148 634 5199 quare
648 5132 702 5185 siut
716 5131 786 5185 vices
798 5129 863 5183 solis
882 5137 914 5188 et,
929 5128 1017 5181 lunai
1032 5126 1084 5181 lsta
1103 5135 1224 5181 creatura

446 5218 545 5286 peragit
558 5219 676 5274 ordinem
686 5233 761 5273 suum
774 5238 780 5272 :
794 5219 837 5287 qui
850 5219 958 5271 rrudturu
971 5233 1028 5271 cam
1041 5217 1143 5271 curiose
1152 5232 1225 5285 qtrau·

444 5308 564 5371 simunt,
588 5310 645 5377 ejus
658 5320 803 5364 creatorem
827 5311 1012 5379 iqtrttramruut
1025 5306 1100 5380 (Sap.
1112 5323 1168 5372 xtra,
1184 5305 1222 5377 a).

445 5396 511 5453 illud
538 5398 638 5465 audite,
664 5400 726 5454 illud
750 5401 870 5468 accipite,
897 5401 998 5468 o¹qai
1020 5401 1108 5453 timetis
1134 5399 1224 5464 bearn,

445 5499 539 5562 quarata
554 5491 610 5560 [ecit
622 5493 711 5546 arrinroe
723 5509 783 5546 aare
795 5494 832 5546 :si
849 5494 936 5557 tultis,
948 5501 975 5547 cl
989 5501 1082 5545 vestite
1090 5493 1111 5545 ¹.
1125 5491 1225 5579 Quanta

445 5583 503 5655 fecit
522 5583 614 5636 aninta:
627 5599 698 5637 mea.
718 5585 756 5636 dd
773 5587 856 5653 ipsum
869 5602 912 5639 ore
925 5601 978 5638 arro
992 5586 1107 5638 ciamatri.
1127 5585 1160 5637 Et
1175 5583 1224 5637 lace

446 5656 531 5741 ipsunt
545 5671 641 5725 lactum
655 5671 719 5725 dicit
731 5675 826 5727 animae
838 5689 912 5726 sua:
929 5683 957 5726 ut
970 5673 1002 5727 ad
1018 5674 1102 5742 ipsum
1117 5687 1163 5727 ore
1176 5687 1224 5726 sna

444 5764 581 5827 clamaret,
592 5762 688 5818 lactum
700 5777 759 5817 esse
769 5762 831 5816 dicit
840 5763 935 5815 arriana
947 5778 1011 5817 suc.
1026 5762 1103 5827 Ecce,
1120 5762 1223 5822 iratres.

445 5852 543 5908 Gentes
556 5867 670 5917 eramus,
688 5852 738 5907 etsi
751 5868 803 5905 non
820 5853 844 5904 in
866 5852 951 5913 uobis¹
970 5853 995 5906 in
1011 5852 1162 5921 parentibus
1176 5869 1225 5905 ue·

479 6075 485 6102 ¹
498 6080 547 6119 truo
558 6079 621 6131 ass,
632 6069 692 6121 illaad
702 6067 811 6126 accipite,
822 6080 902 6117 auara
919 6066 969 6130 qai,
981 6075 1028 6117 ete.

480 6155 488 6183 ¹
502 6153 633 6214 siculiquot
645 6161 696 6202 uss.
710 6151 752 6203 atti
763 6163 817 6202 enm
832 6154 896 6213 Lau,
908 6154 931 6201 et
939 6155 1015 6200 restra
1028 6155 1071 6200 est.

1058 721 1086 775 S.
1107 717 1286 774 accusatur
1299 718 1450 778 calscort

2014 722 2067 776 80))

1283 834 1353 887 stris.
1369 833 1403 889 Et
1415 833 1475 907 quid
1488 836 1552 891 dicit
1566 837 1726 907 Apostolus?
1750 840 1845 908 Scitis,
1859 841 1961 910 quaudo
1972 839 2068 894 Gentes

1281 926 1365 990 eratis,
1384 934 1417 979 aa
1430 928 1564 981 simulacra
1575 930 1628 983 siae
1641 931 1829 999 caceqaoaroda
1842 931 2013 985 ascendebatis
2025 933 2065 984 irr-

1281 1015 1349 1072 dacti
1358 1018 1380 1090 (Ι
1395 1018 1452 1075 Cor.
1467 1037 1513 1097 ιιι,
1523 1022 1562 1091 Ξ).
1577 1022 1649 1078 trien
1664 1039 1733 1078 utrae
1746 1024 1874 1091 Ecclesia,
1890 1026 1990 1093 Quanta
2003 1026 2067 1092 [ecit

1280 1110 1370 1163 anima
1379 1126 1449 1165 mea.
1460 1112 1500 1164 dd
1511 1116 1591 1182 ipsum
1603 1131 1645 1168 ore
1657 1131 1711 1168 areo
1725 1116 1838 1170 ateana.
1853 1116 1939 1171 lloruo
1953 1119 1961 1149 ¹
1977 1118 2013 1171 ad
2028 1119 2066 1171 la⁴

1282 1197 1368 1266 pidem
1378 1201 1534 1268 clamabam,
1547 1202 1579 1256 ad
1589 1203 1801 1273 lignumsurdum
1811 1206 1967 1270 clamabam,
1979 1207 2067 1260 simu·

1271 1287 1356 1367 lacris
1368 1291 1455 1347 surdis
1467 1294 1545 1347 mutis
1555 1293 1679 1364 loquebar
1691 1313 1697 1350 :
1710 1296 1764 1366 jam
1778 1297 1862 1368 imago
1876 1299 1920 1354 Dei
1933 1315 2069 1356 corrrcrsa

1280 1387 1319 1432 est
1342 1380 1374 1433 ad
1395 1381 1546 1437 Creatorem
1568 1400 1656 1443 snum.
1678 1386 1728 1453 Qui
1749 1387 1867 1443 dicebam
1883 1391 1960 1461 liqna,
1985 1391 2065 1446 Pater

1280 1485 1348 1524 ruera
1359 1488 1384 1525 es
1399 1481 1445 1535 ta:
1463 1485 1486 1525 er
1503 1473 1592 1543 lapidi,
1610 1475 1647 1529 Tu
1661 1494 1699 1531 ate
1711 1480 1818 1547 perrnistr‘
1832 1478 1936 1549 (ierem.
1952 1499 1982 1548 u,
1998 1482 2065 1553 Ξῖ);

1279 1563 1358 1617 modo
1371 1564 1439 1631 dico,
1456 1564 1534 1619 Pater
1544 1578 1634 1632 noster,
1644 1570 1687 1640 qui
1698 1587 1723 1623 es
1736 1572 1760 1623 in
1773 1574 1839 1626 calis
1849 1572 1954 1643 (dlattlr.
1970 1592 2011 1638 rt,
2024 1576 2066 1646 9).

1279 1652 1320 1706 dd
1339 1654 1421 1723 ipsam
1443 1673 1486 1710 ore
1505 1674 1558 1711 ntea
1581 1659 1695 1713 stannci.
1722 1661 1773 1716 Ore
1786 1679 1840 1717 areo
1857 1664 1922 1734 iant.
1945 1683 2001 1721 rrrtn
2017 1683 2068 1724 ore

1279 1745 1375 1800 alieno.
1389 1746 1499 1813 Quando
1511 1749 1655 1805 clamabam
1669 1752 1702 1806 ad
1717 1754 1816 1822 lapides
1830 1755 1855 1810 in
1871 1774 1937 1813 tana
1948 1774 2068 1814 conuer-

1279 1836 1380 1890 satione
1394 1848 1508 1906 patenam
1525 1841 1672 1896 traditionis
1688 1842 1708 1912 (l
1725 1843 1793 1898 rea.
1808 1861 1827 1905 ι.
1842 1847 1895 1917 te),
1910 1863 1958 1903 ore
1974 1850 2067 1905 alieno

1279 1926 1423 1980 clamabam
1439 1944 1446 1980 :
1461 1930 1567 1999 quaudo
1582 1933 1693 1989 etaraavt
1706 1935 1738 1990 ad
1755 1937 1904 2005 lluutiuuut,
1919 1942 1992 2011 quod
2008 1944 2067 2014 ipse

1279 2015 1395 2082 donavit,
1408 2020 1477 2089 quod
1490 2020 1546 2076 inae
1566 2023 1711 2092 inspirarit,
1730 2018 1857 2097 ad'r'psnrn
1874 2047 1918 2084 ore
1937 2049 1995 2086 uteo
2008 2034 2065 2087 cia-

1279 2109 1354 2169 raaar',
1365 2118 1388 2162 at
1400 2111 1507 2165 exaltan
1520 2116 1564 2166 aab
1576 2102 1662 2185 linqua
1674 2134 1738 2171 strea.
1754 2120 1821 2186 Quid
1834 2132 1886 2188 est,
1899 2123 2010 2177 clarnaar‘
2022 2143 2068 2179 ore

1279 2214 1343 2266 mea,
1358 2210 1382 2255 et
1395 2201 1502 2256 sanitati
1516 2205 1560 2258 sab
1571 2207 1658 2276 lirrprra
1670 2225 1733 2262 ntea.
1750 2210 1836 2280 ipsum
1850 2213 1954 2283 publice
1966 2217 2067 2285 pradi-

1279 2289 1346 2356 cati,
1372 2291 1456 2359 ipsum
1485 2295 1631 2351 insectere
1654 2298 1792 2355 confessus
1812 2319 1880 2358 suut.
1903 2304 2002 2360 Parum
2022 2317 2067 2362 cst

1279 2379 1361 2435 neum
1380 2384 1495 2440 exaltare
1518 2386 1621 2456 linqua,
1641 2389 1729 2446 sed-ct
1744 2392 1795 2446 sub
1812 2393 1910 2464 lingua,
1936 2406 1966 2450 ut
1992 2398 2065 2467 quod

1278 2470 1502 2552 certus,loqceris,
1516 2476 1566 2531 lroc
1579 2477 1673 2534 tacitus
1686 2482 1795 2565 cogites.
1809 2483 1850 2538 dd
1860 2485 1941 2556 ipsam
1952 2504 1998 2542 ore
2008 2506 2068 2542 meo

1278 2558 1399 2626 clamari,
1414 2575 1438 2617 er
1451 2566 1557 2619 exaltari
1571 2568 1615 2622 snb
1626 2569 1711 2641 {itaqua
1723 2588 1786 2626 mea.
1803 2572 1870 2629 Vide
1883 2592 1964 2645 quam
1979 2579 2006 2632 in
2019 2593 2066 2633 sc·

1278 2662 1351 2706 creto
1372 2654 1427 2708 tuit
1448 2671 1507 2711 esse
1521 2658 1620 2730 integer
1632 2663 1675 2731 qrri
1695 2664 1773 2720 offert
1787 2666 1941 2722 lroloeausta
1958 2670 2063 2725 medul-

1279 2742 1341 2796 lata.
1367 2743 1423 2801 lloc
1442 2749 1521 2818 agite.
1544 2749 1648 2817 iratres,
1665 2752 1715 2809 ltoe
1736 2756 1884 2825 imitamini,
1905 2769 1933 2815 ut
1955 2762 2065 2828 dicatis,

1284 2833 1378 2897 l'enr'te,
1401 2840 1485 2893 cadite
1503 2852 1596 2912 quarata
1612 2845 1670 2914 [ecit
1683 2849 1774 2903 orriutoe
1794 2866 1864 2905 trteoe.
1882 2851 1978 2908 Omnia
1991 2857 2065 2911 cuitu

1277 2940 1340 2994 quiae.
1365 2941 1480 2992 euartat,
1502 2932 1584 3001 ipsius
1605 2938 1687 3005 qratia
1710 2940 1774 2995 liunt
1800 2940 1825 2995 in
1850 2944 1936 2999 anima
1960 2956 2064 3001 nostra.

1279 3016 1370 3074 l'idcte
1382 3020 1431 3074 alia
1445 3038 1503 3092 quac
1518 3023 1597 3081 dicat.

1311 3108 1356 3161 22.
1377 3108 1449 3183 [cers.
1467 3113 1522 3187 l8.]
1541 3114 1702 3184 iniquitatem
1714 3123 1736 3175 si
1746 3127 1863 3193 conspexi
1873 3127 1898 3180 in
1907 3130 1983 3182 corde
1995 3149 2063 3200 aree,

1277 3216 1327 3255 nort
1346 3205 1463 3258 exandiat
1481 3209 1492 3240 ¹
1511 3208 1640 3266 Dominus.
1661 3210 1831 3273 Corrsiderate
1857 3220 1936 3275 tundo
1953 3222 2063 3291 lustres,

1277 3306 1354 3358 qtram
1368 3293 1453 3357 bacile,
1468 3314 1545 3366 quarn
1563 3302 1679 3371 qtrotidie
1694 3305 1813 3363 ltoutiues
1827 3310 2018 3372 erubescentes
2034 3317 2061 3372 in

1278 3380 1425 3441 bominibus
1447 3387 1596 3458 iniquitates
1613 3406 1738 3451 accttsant
1761 3413 1767 3451 :
1789 3398 1855 3456 llale
1869 3402 1941 3468 lecit,
1957 3407 2063 3476 perdite

1277 3469 1349 3540 lecit,
1370 3477 1512 3533 sceleratus
1526 3479 1606 3537 honio
1627 3496 1688 3540 est:
1705 3488 1755 3544 lrae
1767 3489 1834 3547 lorte
1849 3506 1956 3565 propter
1972 3498 2060 3555 bomi-

1278 3578 1324 3622 nes
1338 3564 1410 3620 dicit.
1425 3568 1490 3623 vide
1505 3571 1526 3625 si
1547 3589 1599 3627 nott
1614 3576 1639 3629 in
1654 3578 1734 3634 corde
1752 3590 1797 3635 tuo
1810 3588 1942 3655 conspicis
1961 3591 2061 3659 iniqui-

1277 3660 1373 3720 brteut;
1388 3673 1420 3713 uc
1435 3656 1503 3715 lorte
1522 3664 1591 3733 quad
1613 3669 1785 3735 reprehendis
1798 3673 1825 3727 ia
1846 3676 1942 3745 altero,
1957 3682 2063 3753 cogites

1276 3740 1379 3807 lacere,
1395 3756 1422 3801 et
1437 3748 1496 3805 ideo
1517 3751 1543 3806 in
1564 3756 1636 3810 illum
1650 3759 1764 3826 celantes,
1781 3780 1834 3819 riou
1847 3768 1906 3836 quia
1922 3769 1996 3836 lecit,
2012 3777 2061 3830 scd

1276 3833 1336 3900 quia
1351 3835 1471 3893 inventus
1490 3851 1539 3896 est.
1555 3844 1621 3900 Redi
1639 3850 1671 3902 ad
1694 3862 1735 3916 tc;
1752 3854 1821 3908 intus
1833 3850 1951 3913 estotilri
1964 3863 2058 3928 judex.

1276 3923 1344 3980 Ecce
1363 3927 1387 3980 in
1408 3931 1585 3989 cubiculo'tuo
1597 3939 1761 4010 asbscondita,
1778 3946 1802 4000 iu
1815 3947 1870 4017 ipsa
1886 3967 1952 4006 rena
1969 3955 2062 4011 irtlitua

1276 4017 1374 4084 cordis,
1390 4020 1433 4076 ubi
1447 4033 1473 4076 tu
1489 4025 1562 4080 salus
1571 4045 1611 4095 cs,
1623 4042 1650 4084 ct
1662 4033 1706 4086 ille
1717 4038 1761 4105 qui
1777 4038 1864 4102 ridet,
1879 4043 1932 4097 illic
1945 4046 1993 4100 tibi
2005 4047 2064 4103 dis-

1278 4109 1373 4178 pliceat
1396 4113 1534 4184 iniquitas,
1560 4129 1589 4174 ut
1610 4122 1715 4191 placeas
1735 4127 1797 4184 lieo.
1814 4130 1871 4186 Noli
1887 4134 1959 4190 illam
1976 4141 2064 4209 respi-

1275 4221 1347 4275 cere,
1363 4208 1462 4278 idest,
1478 4214 1532 4269 noli
1546 4216 1616 4271 illam
1630 4219 1752 4292 diligere,
1773 4226 1818 4280 scd
1833 4229 1919 4294 potius
1938 4231 2062 4303 despice,

1277 4298 1302 4353 id
1315 4312 1366 4369 est,
1378 4314 1528 4373 contemne,
1544 4319 1571 4364 et
1581 4323 1700 4368 avertere
1714 4315 1748 4371 ab
1762 4334 1803 4372 ca.
1820 4319 1953 4388 Quidquid
1970 4325 2062 4381 lattun

1276 4395 1434 4462 promiserit,
1448 4408 1476 4451 ιιι
1490 4399 1580 4456 illiciat
1592 4402 1624 4455 ad
1638 4406 1800 4472 peccandum
1812 4425 1819 4472 ;
1834 4411 1964 4482 quidquid
1983 4417 2061 4470 trista

1276 4485 1371 4540 minata
1386 4486 1479 4546 inerit.
1500 4500 1529 4544 ut
1542 4492 1658 4561 impellat
1671 4495 1704 4550 ad
1717 4499 1952 4565 malefaciendum..
1975 4517 2060 4561 totum

1276 4576 1338 4631 uiltil
1352 4586 1403 4643 est,
1415 4587 1496 4633 toturn
1512 4583 1604 4637 transit
1617 4600 1625 4648 ;
1646 4584 1745 4657 despici
1762 4589 1868 4659 dignum
1883 4603 1942 4659 est,
1960 4604 1987 4650 ut
2001 4599 2061 4650 cal·

1275 4677 1366 4733 cetur;
1391 4685 1443 4723 trun
1465 4674 1594 4744 corispici,
1610 4684 1639 4730 ut
1653 4689 1814 4746 acceptetur.
1838 4681 1971 4756 [suggerit
1985 4693 2060 4743 enirn

1275 4761 1415 4830 aliquando
1428 4779 1474 4832 per
1486 4754 1668 4835 cogitationes,
1683 4772 1725 4825 acl
1741 4789 1787 4842 per
1804 4775 1881 4830 rerba
1900 4779 2059 4850 colloquen-

1276 4852 1338 4905 tium
1354 4849 1491 4909 m‘alorunt.
1505 4856 1681 4929 Corrumpunt
1693 4863 1762 4918 euim
1776 4881 1862 4922 naeres
1873 4869 1967 4936 lroucs,
1977 4876 2060 4929 collo·

1276 4944 1335 5013 quia
1349 4946 1416 5003 mala
1435 4963 1442 4999 ε
1464 4955 1491 5000 ιιι
1505 4950 1557 5002 noli
1570 4966 1601 5005 ea
1616 4950 1746 5020 respicere
1761 4955 1781 5027 (Ι
1798 4956 1855 5010 Cor.
1870 4975 1916 5024 ιιι,
1934 4961 1991 5034 53).
2005 4963 2058 5020 Sed

1276 5050 1367 5104 parum
1385 5045 1426 5092 est
1440 5037 1465 5093 in
1478 5041 1568 5105 vultu,
1592 5059 1682 5112 parturi
1696 5056 1737 5100 est
1757 5047 1783 5100 iu
1798 5049 1884 5119 lingua
1904 5068 1910 5103 ε
1936 5054 1963 5107 in
1978 5057 2059 5112 certia

1277 5127 1329 5181 noli
1346 5129 1488 5198 respicere,
1505 5131 1595 5198 idest,
1617 5135 1669 5188 uoli
1689 5135 1809 5208 diligere,
1833 5143 1885 5197 noli
1907 5155 2058 5215 acceptare.

1276 5216 1342 5271 Nam
1355 5228 1502 5287 respectum
1518 5237 1565 5291 pro
1576 5223 1716 5281 dilectione
1729 5229 1790 5296 poni
1799 5231 1980 5300 quotidianum
1992 5247 2034 5292 est
2049 5255 2057 5292 :

1277 5309 1361 5376 primo
1373 5310 1434 5378 quia
1453 5310 1486 5364 de
1499 5311 1552 5367 Deo
1571 5312 1692 5376 dicimus,
1709 5316 1832 5387 Respexit
1848 5336 1901 5375 me.
1922 5322 1991 5393 Quid
2007 5338 2063 5398 est,

1277 5399 1403 5468 Respexit
1412 5403 1474 5456 mei
1487 5405 1554 5459 Ante
1564 5404 1635 5459 enim
1647 5415 1672 5460 te
1684 5421 1737 5461 nou
1749 5408 1876 5465 ridebat?
1887 5414 1940 5470 Aut
1952 5432 2057 5473 sursum

1276 5490 1437 5554 attendebat,
1456 5501 1484 5546 et
1493 5494 1614 5562 precibus
1629 5496 1681 5551 tuis
1693 5500 1869 5555 eorunrouitus
1885 5512 1936 5567 est,
1951 5515 1981 5560 ut
1992 5508 2019 5562 iu
2035 5517 2058 5563 te

1277 5584 1366 5639 oculos
1383 5586 1518 5640 mitteret?
1542 5586 1652 5642 Videbat
1674 5596 1700 5644 te
1720 5599 1747 5644 et
1761 5601 1838 5656 atrte;
1854 5594 1917 5661 scd,
1933 5595 2057 5668 Respexit

1278 5689 1330 5738 rue,
1344 5674 1420 5740 dicis,
1435 5676 1530 5730 Dilcsit
1539 5692 1591 5733 me.
1606 5679 1637 5733 Et
1646 5680 1744 5734 larmini
1756 5682 1800 5751 qui
1815 5692 1840 5736 te
1851 5686 1931 5754 ridet,
1940 5697 1969 5744 et
1982 5705 2061 5761 mnas

1277 5783 1348 5832 enm,
1365 5767 1441 5833 dieis,
1454 5779 1483 5821 ut
1496 5769 1651 5827 misereatur
1663 5773 1709 5836 tui,
1728 5773 1837 5841 Respice
1853 5793 1907 5835 ute.
1922 5779 2003 5836 Videt
2016 5793 2059 5849 te;

1277 5859 1399 5924 ardicis,
1415 5859 1528 5931 Respice
1541 5875 1593 5914 me.
1613 5861 1680 5928 Quid
1692 5873 1750 5929 est,
1763 5865 1874 5936 Respice
1888 5871 1952 5925 me?
1965 5872 2059 5945 lliliqr,

1278 5948 1392 6012 attende,
1407 5950 1531 6005 uriserere
1546 5953 1605 6006 inei.
1623 5953 1691 6023 Ergo
1703 5957 1829 6018 uctridco
1840 5958 1915 6025 elisit,
1931 5959 2056 6030 lariqmta·

1300 6044 1319 6115 '¹
1332 6085 1368 6133 sic.
1379 6092 1430 6133 tiss.
1445 6085 1656 6139 stertentium
1667 6089 1781 6150 trepidant.

1311 6147 1320 6176 ¹
1332 6148 1367 6194 sic
1376 6151 1429 6194 trss.
1437 6147 1506 6208 insta
1518 6154 1590 6197 tace.
1608 6155 1669 6197 tart.
1682 6151 1784 6212 attali,
1795 6155 1917 6206 exaudiat.
