5025 6925
449 668 495 727 bll

448 799 545 839 nomen
559 794 651 838 eorum
666 791 754 835 corant
769 776 881 853 1))εοεει1
897 774 1070 843 honorabile,
1088 776 1133 846 qul
1147 776 1186 831 eis
1200 776 1231 831 il·

448 875 494 932 lud
504 873 650 943 deditioni
664 887 717 926 oon
727 883 831 924 memor
842 867 976 923 nominum
991 867 1096 922 illorum
1110 882 1158 937 per
1168 866 1237 922 laida

448 964 658 1037 sua(l'tol.1r,
672 961 717 1032 1),
728 958 825 1032 quibus
840 967 918 1013 antea
933 957 1105 1017 vorabantur.
1119 972 1180 1013 cum
1195 971 1237 1013 es·

447 1067 509 1114 reot
524 1055 668 1112 Gentilium
681 1051 916 1123 superstitionibus
928 1050 1036 1121 obligati
1045 1050 1113 1117 ,vet
1127 1064 1236 1106 suorum

449 1150 580 1207 malorum
598 1148 754 1204 meritorum
767 1145 861 1216 signati
875 1143 1025 1209 uocabulis,
1040 1155 1180 1213 antequam
1194 1157 1238 1198 es-

448 1254 508 1299 sent
522 1243 658 1299 christiani
673 1259 681 1298 ε
696 1240 767 1311 quod
790 1254 887 1294 nomen
908 1236 1063 1293 honorabile
1081 1246 1124 1293 cst
1145 1252 1235 1293 coram

339 1387 341 1392 .
448 1337 516 1408 ipso,
530 1336 579 1394 etsi
592 1333 790 1404 contemptibile
804 1330 908 1387 ridetur
921 1330 1044 1384 inimicis.

482 1428 526 1483 ll.
542 1425 616 1499 [uera
637 1423 692 1496 15.)
706 1422 739 1477 Et
752 1425 831 1488 ticet,
851 1431 874 1476 et
888 1421 987 1482 dubitor
1001 1423 1024 1475 ei
1039 1422 1071 1478 de
1088 1437 1151 1476 aare
1170 1421 1235 1476 dru-

446 1516 503 1574 tto.
517 1518 574 1573 Non
589 1518 738 1580 diceretur,
754 1514 788 1569 Et
802 1516 880 1580 uitet,
895 1512 940 1585 (de
952 1527 1005 1583 qno
1018 1514 1089 1567 eoim
1103 1527 1155 1567 non
1171 1526 1234 1581 pos-

446 1618 489 1664 set
501 1609 552 1663 dici
568 1608 618 1663 boc
630 1607 872 1677 quantulocumque
884 1604 970 1673 spatio
983 1603 1110 1672 temporis
1129 1603 1234 1657 virente

447 1703 475 1758 in
491 1705 539 1756 bae
552 1699 658 1771 terrai)
680 1700 730 1754 nisi
744 1699 788 1754 illa
800 1699 853 1753 rita
866 1695 1117 1756 commendaretur.
1137 1696 1163 1749 io
1183 1709 1235 1764 qua

443 1799 500 1869 jum
521 1812 571 1849 nott
591 1795 716 1864 rooritqr,
737 1801 764 1847 ct
784 1807 852 1845 mort
873 1789 975 1843 eittltru
996 1804 1046 1841 troo
1065 1786 1235 1840 dominabitur

447 1889 536 1959 (dom.
548 1902 573 1941 tt
585 1927 594 1953 ,
607 1884 648 1956 11).
662 1884 748 1953 Atque
761 1880 821 1937 ideo
837 1890 860 1935 et
873 1881 936 1934 ciret
955 1878 997 1948 qui
1013 1886 1181 1944 contemptus
1193 1884 1235 1930 cst

449 1979 565 2033 inorieos
581 1994 588 2030 :
604 1973 728 2046 quonlam
739 1974 808 2027 sient
817 1972 885 2026 alins
897 1968 1023 2039 propbeta
1034 1967 1107 2031 dicit,
1122 1967 1234 2021 Toltetur

447 2070 478 2124 de
490 2079 557 2122 terro
568 2068 619 2121 aito
630 2067 685 2129 eius
697 2062 772 2136 (lani.
787 2078 842 2125 ιιιι,
855 2062 883 2121 8.
899 2060 958 2115 vit.
970 2060 1026 2114 Art.
1040 2075 1094 2120 rm.
1110 2059 1167 2127 55).
1181 2056 1234 2113 Sed

448 2160 583 2231 quidest,
606 2167 629 2213 ct
651 2157 751 2211 dubitor
772 2155 795 2210 εἰ
813 2155 845 2208 de
863 2169 925 2207 outo
940 2150 1039 2205 diotre
1050 2150 1063 2203 ?
1076 2149 1141 2204 Naro
1163 2147 1234 2219 quod

446 2251 507 2312 mdc
520 2263 613 2304 aurum
624 2247 703 2303 ctiam
718 2246 762 2301 ille
772 2244 898 2301 Salomon
910 2242 1021 2311 accepit,
1034 2241 1059 2295 in
1071 2239 1121 2295 hire
1131 2239 1233 2309 psalmo
1252 2303 1255 2313 Ι

446 2344 558 2412 ligurate
571 2338 744 2408 transjectum
757 2344 799 2392 est
812 2336 838 2390 in
849 2334 929 2388 alium
944 2347 1035 2386 vcrrrrn
1050 2329 1231 2394 Salomonem,

445 2435 471 2489 id
484 2441 526 2488 est
539 2446 631 2487 rernm
646 2428 785 2501 pocillcum
799 2444 806 2481 :
821 2441 873 2480 non
887 2424 959 2479 enirn
971 2423 1015 2479 ille
1027 2421 1179 2476 dominatus
1191 2427 1234 2475 εει

444 2525 576 2596 ottoniae
590 2536 668 2592 oque
679 2518 713 2574 at
727 2518 847 2584 teratipot
858 2515 924 2571 orbis
938 2524 1020 2570 terre.
1035 2512 1080 2570 Sic
1094 2527 1158 2583 ergo
1176 2527 1234 2582 pro·

446 2618 581 2687 phetatum
593 2623 645 2680 εει,
659 2611 739 2668 etiam
752 2610 886 2680 sapientes
896 2607 975 2678 hujus
985 2605 1076 2661 mundi
1087 2606 1113 2660 in
1127 2603 1233 2662 Christo

444 2709 526 2765 baisse
537 2704 697 2761 credituros.
712 2702 765 2758 Per
776 2700 901 2757 Arabiam
916 2704 1005 2753 autem
1018 2695 1119 2753 Gentes
1134 2694 1234 2750 iutelli-

443 2800 552 2871 pimus:
568 2811 616 2866 per
628 2808 722 2851 aurum
736 2792 977 2863 sapientiamque
992 2790 1028 2845 ita
1042 2787 1149 2845 excellit
1163 2788 1233 2844 iuter
1260 2785 1263 2796 '

443 2906 537 2945 orrioes
549 2887 700 2952 doctrinas,
714 2893 743 2940 ut
754 2899 847 2939 aurum
863 2884 933 2938 inter
945 2882 1068 2947 metalla;
1083 2880 1152 2936 unde
1164 2880 1233 2935 scri-

341 3030 344 3041 .
443 2991 516 3052 ptutn
533 2986 592 3043 est,
606 2976 718 3048 Accipite
736 2971 971 3052 prodentiumtieut
983 2980 1133 3043 arpentum,
1149 2980 1173 3025 et
1190 2987 1233 3025 ro-

442 3071 563 3143 picotioot
575 3068 640 3123 sicut
659 3081 751 3121 aarum
764 3064 897 3135 melotem
909 3061 998 3135 (Prot.
1014 3077 1078 3129 rut,
1100 3060 1154 3127 tu,
1171 3062 1230 3132 ll).

442 3161 477 3222 Et
489 3161 594 3217 madunt
607 3159 639 3214 dt
656 3157 713 3228 ipso
731 3171 839 3226 teutper.
853 3153 930 3221 Quod
950 3152 1030 3208 babet
1043 3166 1164 3223 graecus,
1179 3163 1232 3236 περι

439 3262 530 3318 αὐτοῦ,
545 3253 626 3324 aliqui
644 3248 812 3321 interpretati
825 3256 907 3314 sunt,
929 3247 961 3301 de
976 3246 1048 3316 ipso,-
1065 3244 1164 3317 aliqui,
1183 3261 1230 3316 pro

441 3349 507 3419 ipro,
527 3346 567 3402 rel
581 3361 627 3417 pro
643 3360 683 3398 eo.
696 3340 764 3412 Quid
777 3349 819 3397 est
838 3348 927 3395 autern
940 3378 947 3403 ,
962 3338 995 3393 de
1010 3340 1084 3409 ipso,
1098 3337 1149 3394 nisi
1163 3338 1231 3395 torte

442 3438 512 3510 qnod
527 3450 635 3492 orantus
647 3434 768 3491 dicentes
778 3448 785 3486 ε
796 3430 919 3486 Adueniet
929 3446 1034 3502 reprom
1043 3438 1113 3483 tatum
1124 3424 1229 3499 (dorth.

441 3548 478 3599 ur,
496 3532 539 3602 lb)
550 3530 562 3585 l
572 3527 671 3584 Christi
686 3539 800 3596 namque
813 3523 943 3579 adrentus
956 3521 1127 3592 presentabit
1140 3522 1148 3553 ¹
1165 3522 1225 3598 ilde

442 3624 512 3676 tibus
525 3634 636 3690 regnum
651 3617 708 3673 Dei.
725 3615 778 3672 Pro
789 3630 819 3669 eo
830 3629 895 3669 uero
909 3611 1044 3683 quomodo
1057 3610 1228 3681 intelligatur,

441 3722 582 3784 angustum
602 3721 660 3774 cst;
683 3707 734 3765 nisi
757 3707 818 3778 quia
839 3719 900 3760 cum
914 3712 1005 3758 oratur
1023 3717 1073 3774 pro
1088 3701 1227 3768 Ecclesia,

441 3824 490 3878 pro
503 3820 562 3875 rpso
583 3811 684 3864 oratur,
708 3799 769 3870 quia
792 3811 890 3867 corpus
911 3805 953 3850 est
974 3793 1040 3865 ejus.
1065 3788 1102 3849 De
1122 3792 1230 3849 Christo

440 3912 538 3968 pompe
551 3904 579 3951 ct
591 3891 711 3950 Ecclesia
726 3890 891 3963 praemissum
906 3897 948 3944 est
964 3893 1160 3942 sacramentum
1176 3899 1230 3939 ma·

439 4003 521 4060 prtum
537 4006 544 4041 :
562 3985 644 4040 Erant
656 3984 706 4037 duo
720 3983 747 4036 itt
760 3992 836 4035 corne
851 3995 903 4033 uno
923 3976 1031 4049 (prct.
1044 3991 1062 4032 v
1073 4017 1081 4041 ‚
1094 3975 1149 4041 32,
1169 3973 1228 4046 51).

440 4080 498 4133 lam
512 4092 577 4132 reru
589 4074 661 4146 qnod
673 4072 809 4142 sequitur,
824 4068 889 4124 Toto
906 4069 961 4134 die,
979 4068 1006 4124 id
1025 4077 1066 4124 est
1088 4075 1144 4123 toto
1166 4076 1230 4124 tem·

440 4187 514 4242 pore,
528 4168 674 4225 benedicerit
686 4167 720 4233 ei,
734 4164 800 4220 satis
812 4173 934 4233 apertum
946 4170 997 4217 εει.

477 4264 521 4319 18.
535 4261 610 4335 [tert.
626 4257 683 4333 ts]
696 4257 731 4313 Et
741 4259 787 4313 erit
797 4257 982 4326 promoreantur
995 4254 1022 4308 in
1036 4263 1112 4321 terro,
1124 4253 1151 4308 io
1164 4269 1229 4308 tum·

439 4357 489 4412 oris
506 4355 638 4409 orontium.
660 4350 843 4407 done-coto
866 4346 1045 4419 prolocutiones
1070 4345 1117 4400 tte
1135 4345 1162 4399 irt
1183 4345 1229 4398 ilio

441 4446 526 4503 Etiam
540 4445 573 4517 (ll
586 4443 645 4499 Cor.
666 4458 690 4506 ι,
711 4441 779 4511 10),
793 4440 883 4504 idest,
899 4438 926 4492 in
941 4437 986 4491 illo
999 4439 1010 4468 ¹
1023 4435 1134 4490 drmatae
1146 4444 1226 4501 suot;

439 4540 501 4610 qnia
517 4537 543 4592 in
557 4534 603 4589 illo
616 4533 753 4602 impletum
767 4539 809 4585 εει
827 4526 955 4600 quidquid
975 4541 1023 4596 pro
1037 4525 1124 4581 solute
1137 4537 1228 4581 nostra

446 4627 633 4701 prophetatum
648 4630 699 4678 est.
715 4619 781 4674 liam
796 4633 898 4674 summa
919 4617 1067 4683 montium,
1082 4614 1229 4685 Scriptura·

440 4736 500 4778 runa
513 4718 664 4775 divinarum
676 4719 811 4776 auctores,
825 4708 851 4764 id
861 4716 912 4774 εει,
926 4722 974 4778 per
987 4720 1055 4778 quos
1072 4705 1228 4762 ministratae

440 4821 520 4880 sunt,
543 4808 691 4879 intelligere
704 4801 843 4868 convenit,
858 4799 994 4869 inquibus
1008 4801 1099 4870 utique
1118 4799 1174 4868 ipse
1188 4806 1229 4853 est

440 4905 649 4963 firmamentum,
662 4893 786 4968 quoniam
799 4891 833 4947 ad
848 4891 923 4945 illurn
933 4889 1022 4945 omnia
1033 4904 1092 4960 qqae
1104 4888 1228 4945 divinitus

442 4995 539 5063 scripta
556 5000 628 5056 sunt,
644 4986 805 5043 referuntur.
821 4981 878 5037 lloc
890 4989 978 5035 autem
992 4980 1019 5034 in
1034 4988 1105 5036 terra
1116 4992 1228 5035 essere

442 5086 501 5147 luit,
515 5084 577 5153 quia
590 5087 700 5153 propter
711 5089 758 5132 eos
772 5072 857 5145 quiin
871 5080 941 5126 terra
958 5077 1037 5136 sunt,
1053 5070 1097 5125 illa
1111 5069 1229 5125 conscri-

443 5186 486 5250 pm
500 5185 562 5231 sunt
575 5193 581 5228 :
598 5173 669 5229 unde
682 5179 710 5227 ct
723 5167 820 5240 ipsein
835 5174 932 5222 terrain
946 5163 1035 5228 venit,
1049 5170 1078 5216 ut
1089 5177 1119 5217 ea
1132 5171 1228 5217 cuncta

442 5271 575 5333 srrtoaret,
591 5265 689 5328 idest,
704 5265 731 5317 io
745 5276 776 5316 se
789 5265 949 5315 monstraret
966 5255 1079 5324 impleri.
1095 5273 1105 5306 ι
1121 5253 1229 5324 oporte

339 5397 341 5403 ,
385 5351 387 5360 ’
442 5359 579 5419 batonim,
597 5375 607 5408 ι
625 5354 719 5423 inquit,
737 5371 746 5404 t
766 5350 870 5421 impleri
884 5348 1044 5416 omniaque
1057 5345 1154 5415 scripta
1167 5353 1229 5400 sunt

371 5487 375 5500 ·
442 5453 467 5507 in
481 5450 551 5519 hege
563 5457 589 5501 ει
600 5444 740 5513 Prophetis
754 5450 782 5496 et
796 5440 909 5497 Psalmis
921 5437 955 5494 tle
969 5453 1013 5492 me
1028 5454 1038 5487 r
1054 5434 1129 5506 (buc.
1144 5450 1225 5500 xxtr,

441 5545 508 5613 ιι);
524 5539 549 5594 id
564 5547 616 5598 cst.
635 5554 644 5588 ι
661 5535 687 5588 in
701 5532 813 5587 summis
827 5531 967 5587 montium.
988 5549 998 5582 r
1015 5528 1060 5584 Sic
1072 5526 1144 5582 enirn
1156 5526 1229 5582 verrit

333 5663 338 5671 ·
443 5655 454 5689 t
472 5635 500 5690 iu
514 5626 665 5688 novissimis
680 5620 845 5692 temporibus
854 5619 1010 5676 manifestus
1019 5631 1096 5673 mons
1110 5615 1226 5683 bomini,

472 5778 762 5846 tsteprohooqteusp
782 5777 809 5822 ιι
819 5769 885 5829 suo,
898 5769 1058 5834 penitam.
1097 5819 1099 5822 ,

471 5848 560 5904 tter,
577 5832 797 5902 idrttmclorsto.
812 5832 839 5904 td
857 5837 894 5903 Er,
908 5843 1004 5904 prorstrs
1014 5831 1109 5903 omttttt
1123 5838 1154 5902 Ιιι
1172 5837 1226 5882 ιιεε.

442 5905 559 5980 err
569 5904 671 5977 aar
681 5895 708 5952 ε
809 5890 914 6002 ἰιι
924 5889 1228 6012 muratarum

441 5963 962 6090 ssuztffigrrlelrffirppcgrltaepafflepfflh
973 5990 1055 6063 auteur
1064 6014 1229 6084 respondebat

439 6087 632 6149 Garatonii:
645 6097 701 6148 quae
715 6094 761 6133 vox
780 6078 844 6145 apud
859 6083 952 6128 orares
962 6073 1122 6126 mubrrruutas
1133 6083 1179 6135 est,
1191 6084 1228 6135 ut,

431 6155 521 6211 ΔΜ,
533 6149 600 6211 apud
607 6147 730 6199 ltebrose

1084 6274 1118 6293 J.

1061 644 1292 720 attonsum
1311 662 1462 721 crisconi

2029 668 2085 726 bii

1294 772 1400 847 paratus
1421 780 1446 833 in
1467 778 1603 833 cacttminc
1619 780 1748 833 trttnttiom
1765 796 1774 831 r
1792 779 1865 847 (lsai.
1882 798 1919 846 ιι,
1941 783 1988 853 Ξ),
2009 787 2085 855 qrrod

1291 868 1334 924 bic
1347 870 1394 929 ait.
1412 888 1422 921 ι
1439 871 1464 924 in
1478 871 1741 926 summiomootinm.
1757 871 1988 942 superextolletur
2000 894 2085 948 snper

1291 958 1419 1015 libanum
1435 960 1534 1016 tructus
1556 961 1624 1033 ejus.
1643 979 1654 1015 r
1670 961 1800 1018 Libanum
1814 964 1934 1023 ,soricinus
1956 969 2085 1039 accipere

1289 1050 1370 1105 veluti
1393 1050 1471 1121 tnijns
1489 1053 1578 1108 sarculi
1600 1052 1771 1124 dignitatern3
1795 1056 1918 1125 quioniam
1941 1072 2020 1113 ntons
2040 1068 2084 1114 εει

1289 1140 1407 1224 Libanus
1418 1142 1536 1197 excelsas
1552 1143 1661 1200 arbores
1681 1143 1802 1214 habeus,
1822 1156 1850 1203 et
1870 1163 1968 1203 nomen
1992 1148 2083 1220 ipsum

1289 1232 1476 1302 iuterpretatur
1487 1233 1653 1292 Candidatio.
1665 1236 1733 1306 erid
1746 1238 1817 1293 enirn
1834 1239 1941 1307 mirum,
1962 1242 1985 1296 si
1998 1258 2083 1314 super

1288 1322 1368 1392 hujus
1381 1325 1470 1379 seculi
1489 1326 1646 1395 praectarum
1660 1343 1740 1384 ornne
1753 1328 1887 1403 fastigium
1907 1334 2010 1390 tructus
2032 1351 2080 1391 su·

1287 1415 1470 1483 perettollitur
1482 1415 1599 1483 Christi,
1618 1418 1696 1490 cujus
1714 1418 1816 1477 lructus
1828 1410 1972 1481 dilectores
1987 1427 2082 1483 omnia

1287 1508 1425 1563 saecularia
1439 1509 1556 1566 culmina
1570 1515 1849 1584 contenrpsernntlSi
1862 1518 1992 1574 antemio
2008 1520 2082 1575 bonu

1286 1597 1433 1667 accipimus
1447 1599 1585 1666 Libanum,
1599 1614 1707 1674 propter
1718 1606 1813 1662 cedros
1825 1606 1915 1666 Liberti
1927 1625 1993 1680 qaut
2004 1609 2081 1679 plurr-

1287 1689 1347 1743 tem't
1361 1689 1446 1762 (l’od.
1460 1706 1515 1758 etri,
1532 1693 1591 1762 ldl;
1609 1695 1668 1765 quis
1690 1697 1757 1752 alius
1770 1700 1869 1755 triretus
1890 1700 2081 1773 intelligendus

1286 1790 1344 1848 εει,
1358 1783 1404 1853 qui
1419 1798 1498 1853 super
1512 1784 1582 1839 htrnc
1592 1785 1722 1843 Libanum
1741 1791 1887 1858 extollitur,
1908 1792 1959 1848 nisi
1979 1792 2014 1849 de
2027 1810 2081 1866 quo

1287 1875 1431 1944 Apostolus
1443 1876 1509 1931 dicit
1519 1876 1552 1932 de
1566 1876 1694 1932 charitate
1704 1894 1751 1935 sna
1767 1882 1901 1937 locuturus
1915 1900 1922 1937 ι
1938 1884 2032 1939 Aditur
2042 1903 2082 1940 rs·

1287 1965 1478 2034 perernioentctrr
1492 1966 1557 2021 eiuro
1577 1967 1644 2023 tobit
1662 1968 1805 2024 detnoottro
1823 1972 1844 2044 (1
1860 1970 1919 2028 Cor.
1934 1990 1991 2039 xtr,
2012 1974 2082 2048 5l)?

1287 2054 1349 2113 llaec
1362 2057 1433 2113 enim
1454 2069 1482 2115 et
1500 2060 1526 2115 in
1546 2059 1631 2130 primo
1649 2064 1804 2131 proponitur
1817 2081 1958 2146 rrtntrcrum
1973 2067 2081 2123 ditinu-

1286 2165 1356 2215 rum,
1369 2151 1412 2206 ubi
1422 2152 1469 2213 ait.
1481 2150 1590 2208 Fractos
1601 2157 1801 2225 ootemrpiritur
1812 2168 1847 2211 est
1858 2158 2081 2233 theatrumque

1286 2240 1349 2297 inde
1361 2251 1456 2298 catera
1472 2243 1561 2315 utique
1575 2249 1764 2317 consequentia
1777 2262 1955 2305 contentatur
1967 2251 2039 2324 (Geel.
2052 2270 2079 2318 r,

1286 2331 1343 2403 22).
1354 2330 1388 2387 Et
1398 2334 1522 2404 plorabunt
1532 2336 1563 2390 de
1574 2336 1672 2392 civitate
1683 2340 1746 2393 rictu
1755 2339 1840 2408 [rtrum
1852 2352 1936 2399 terre.
1947 2345 2081 2411 erouiam

1286 2425 1409 2497 ambigue
1422 2428 1506 2495 posita
1518 2438 1560 2485 est
1571 2430 1683 2496 civitas,
1704 2447 1754 2487 nee
1768 2434 1922 2505 adjunctum
1942 2448 1985 2493 εει
2000 2438 2080 2509 ejus,

1286 2524 1332 2571 aut
1345 2516 1408 2583 bei;
1421 2531 1474 2573 non
1488 2519 1559 2575 enirn
1570 2519 1669 2577 dictum
1681 2532 1732 2585 εει
1747 2523 1897 2582 decivitate
1909 2527 1980 2598 ejas,
1994 2530 2036 2584 ret
2046 2530 2080 2586 de

1285 2608 1394 2665 ciuitate
1404 2609 1462 2675 Dei,
1475 2607 1522 2665 sed
1538 2617 1639 2666 tantum
1652 2612 1684 2667 de
1699 2614 1816 2677 ciuitate:
1828 2616 1854 2670 io
1867 2617 1938 2672 bono
1952 2617 2080 2689 iutelligi-

1286 2710 1339 2768 tur,
1356 2710 1384 2757 ut
1396 2700 1430 2758 dc
1442 2700 1549 2759 ciuitate
1562 2702 1626 2771 oet,
1646 2703 1697 2760 hoc
1709 2716 1760 2771 εει,
1781 2707 1814 2761 de
1828 2707 1946 2765 Ecclesia
1967 2710 2081 2767 bort-aot

1286 2791 1354 2848 sicut
1371 2792 1480 2860 serrum;
1500 2791 1548 2850 sed
1568 2793 1658 2850 lenum
1673 2783 1856 2864 tructilcrmo,
1871 2801 1949 2857 sicuti
1967 2812 2011 2857 est
2025 2802 2080 2857 tru-

1286 2884 1368 2939 merati
1386 2899 1394 2936 ε
1409 2899 1470 2939 nant
1482 2894 1510 2940 et
1525 2883 1575 2941 boc
1587 2884 1675 2942 lenum
1689 2888 1837 2959 appellatur
1853 2890 1881 2946 in
1895 2906 1989 2948 sarreia
2005 2895 2080 2948 Seri·

1285 2983 1378 3046 ptura;
1392 2976 1461 3032 sicut
1481 2977 1506 3032 in
1521 2975 1617 3033 Genesi
1633 2978 1737 3048 jussum
1757 2991 1798 3037 est
1815 2982 1966 3053 producere
1978 2993 2080 3041 terrain

1284 3082 1365 3124 omnic
1379 3068 1477 3139 liguum
1490 3078 1517 3125 et
1529 3081 1609 3126 omne
1624 3069 1712 3126 lenum
1725 3071 1802 3143 (deo.
1814 3089 1832 3139 ι,
1851 3072 1907 3147 ιι),
1923 3090 1975 3131 uec
1987 3078 2079 3149 odjum

1285 3168 1356 3214 ctum
1369 3168 1429 3224 est,
1444 3174 1523 3217 omne
1538 3160 1714 3226 iumentum:
1729 3163 1800 3235 qued
1814 3167 1904 3235 procul
1920 3165 2002 3223 dnbio
2022 3185 2078 3227 nott

1285 3249 1466 3320 prateriretut
1480 3252 1530 3307 nisi
1552 3251 1604 3307 leni
1620 3253 1728 3309 nornine
1744 3255 1825 3312 etiam
1841 3254 1892 3311 boc
1912 3257 2078 3331 intelligere·

1285 3351 1343 3404 tur;
1355 3350 1381 3396 ct
1395 3340 1421 3395 in
1436 3341 1526 3396 multis
1539 3344 1598 3397 aliis
1612 3343 1808 3415 scripturarum
1820 3346 1886 3402 lucis
1906 3348 1958 3405 boc
1971 3348 2078 3407 inverti·

1286 3441 1336 3490 tur.
1358 3432 1386 3490 Si
1400 3443 1488 3490 autem
1503 3434 1542 3490 sie
1556 3434 1738 3506 accipiendum
1751 3447 1810 3503 cst,
1826 3436 1859 3493 Et
1870 3439 2002 3510 plorabant
2013 3444 2079 3498 doct

1276 3527 1371 3597 ,penem
1382 3536 1467 3594 terre,
1481 3525 1705 3596 quemadmodum
1717 3527 1818 3583 dietum
1833 3539 1891 3596 cst,
1909 3529 2001 3587 (inurit
2015 3549 2076 3587 cort

1283 3622 1389 3690 sotatur,
1409 3628 1433 3673 et
1451 3620 1553 3674 eierimt
1574 3619 1682 3674 hortinis
1693 3621 1756 3675 sicut
1770 3623 1819 3690 (lot
1832 3623 1901 3695 seth·
1916 3623 2078 3695 profectost

1283 3711 1377 3765 civitas
1387 3711 1430 3764 illa
1444 3711 1612 3782 intelligenda
1626 3721 1676 3778 εει,
1691 3729 1751 3783 quaa
1763 3713 1853 3769 saculi
1870 3714 1950 3785 hujus
1962 3718 2077 3773 societa-

1283 3809 1335 3855 tem
1349 3802 1501 3871 signidem:
1517 3818 1569 3857 nort
1585 3803 1656 3858 enim
1676 3803 1771 3859 trustra
1788 3806 1888 3875 primus
1901 3805 1968 3861 Cain
1984 3809 2076 3864 coodi-
2109 3838 2113 3845 ·

1281 3891 1320 3947 dit
1334 3892 1467 3947 civitatem
1479 3891 1534 3963 (ld.
1547 3909 1583 3960 tn,
1598 3894 1654 3963 17).
1668 3893 1789 3949 Eraltato
1803 3895 1890 3966 itaque
1901 3897 1990 3952 fructu
2001 3899 2076 3955 Ebri-

1282 3983 1316 4039 sti
1329 3998 1409 4055 super
1422 3983 1568 4050 libanum,
1583 3984 1608 4039 id
1621 3995 1662 4041 cst
1675 4000 1755 4054 super
1768 3986 1878 4043 arbores
1891 3986 2036 4044 diuturnas
2049 4000 2075 4046 ct

1281 4074 1350 4144 liqna
1373 4074 1563 4144 imputribilia,
1595 4076 1656 4146 quia
1682 4075 1727 4131 ille
1749 4076 1849 4132 tructos
1869 4088 1991 4136 atertrus
2018 4092 2072 4145 εει;

1282 4156 1370 4221 omnis
1383 4166 1490 4221 claritas
1505 4164 1621 4220 bominis
1633 4167 1778 4222 secundum
1794 4171 1968 4238 temporalem
1984 4174 2073 4228 secuti

1281 4246 1466 4313 celsitudinem
1485 4255 1547 4312 leno
1558 4267 1746 4327 comparatur,
1766 4261 1892 4330 quoniam
1914 4263 2076 4318 acredeoti

1282 4349 1331 4406 bus
1345 4359 1372 4406 et
1384 4351 1464 4405 ritum
1479 4360 1605 4405 aeternam
1618 4349 1673 4419 iarn
1686 4350 1855 4421 sperantibus
1869 4355 2009 4423 spernitur
2023 4355 2077 4411 tett-

1282 4442 1348 4498 eims
1366 4441 1538 4512 temporalis,
1561 4451 1590 4497 ut
1608 4442 1749 4511 impleatur
1769 4443 1839 4514 quod
1860 4445 1991 4515 seriptum
2011 4458 2072 4502 εει.

1284 4536 1372 4589 Omnis
1383 4551 1443 4590 tnro
1456 4537 1551 4607 senuna,
1566 4543 1589 4590 et
1599 4536 1680 4591 omitit
1690 4537 1792 4590 cloritut
1801 4537 1884 4592 cantis
1899 4548 1928 4591 ut
1940 4539 1991 4607 tior
2004 4540 2073 4610 soti:

1282 4629 1368 4699 sotum
1379 4626 1455 4692 orttit,
1471 4627 1519 4696 pot
1533 4626 1636 4681 decidit.
1654 4624 1761 4681 Verbum
1773 4636 1857 4681 utitem
1869 4625 1977 4682 Dorrrioi
1991 4640 2074 4684 rnonrt

1281 4717 1307 4770 itt
1322 4726 1442 4770 eterrreot
1453 4714 1527 4786 (dmi.
1545 4731 1588 4782 rs,
1604 4714 1668 4786 ot).
1684 4715 1720 4771 lbi
1735 4726 1774 4772 εει
1788 4717 1889 4771 1ειιειιιε
1902 4718 2073 4792 ejuseraita·

1283 4815 1325 4861 tus
1337 4820 1418 4876 super
1432 4806 1572 4861 Libanum.
1585 4807 1696 4876 Semper
1708 4807 1779 4862 enim
1794 4822 1856 4862 caro
1871 4809 1962 4864 lenum
1978 4811 2037 4873 init,
2048 4820 2074 4866 ει

1281 4897 1388 4953 claritas
1399 4897 1487 4952 carnis
1501 4907 1527 4953 ut
1545 4896 1594 4952 uos
1614 4897 1666 4952 leni
1683 4915 1690 4952 a
1706 4897 1754 4954 sed
1768 4899 1829 4970 qnia
1844 4915 1897 4954 non
1910 4899 2074 4958 demonstra

1281 4990 1359 5046 batur
1378 5006 1437 5060 quse
1456 4990 1542 5046 luerat
1557 4989 1676 5061 eligenda
1695 4999 1723 5045 et
1743 4991 1922 5062 praeponenda
1938 4993 2072 5061 felicitas,

1283 5082 1400 5140 bosleni
1422 5099 1469 5154 pro
1491 5098 1586 5154 magno
1599 5084 1761 5151 habebatur3
1783 5099 1834 5140 ncc
1852 5085 1940 5141 solum
1962 5088 2073 5144 minium

1281 5177 1509 5243 contemnebatur,
1522 5177 1659 5232 sedetiam
1671 5179 1785 5234 maxime
1795 5178 1983 5250 appraebatur.
1994 5183 2072 5252 1)·υεί

1282 5282 1346 5338 erqo
1360 5277 1423 5322 tunc
1437 5267 1473 5322 ita
1484 5281 1544 5323 esse
1558 5270 1687 5337 coeperit,
1701 5269 1808 5339 quondo
1821 5283 1947 5326 ascensum
1961 5272 1972 5304 ¹
1986 5282 2029 5329 est
2041 5282 2073 5327 at·

1282 5363 1534 5431 qrre·contemptum
1556 5358 1684 5429 quidquid
1706 5359 1818 5415 llorehat
1833 5361 1866 5418 'in
1890 5363 2013 5428 mettio,
2039 5365 2071 5420 itt

1281 5452 1442 5518 dictumest,
1455 5451 1672 5522 superextollens
1681 5468 1756 5522 saper
1766 5451 1888 5507 Libonem
1899 5459 2003 5524 stertat
2012 5459 2070 5529 ejas,

1282 5555 1305 5600 rt
1318 5544 1441 5614 florebunt
1455 5543 1595 5598 decivitate
1609 5546 1672 5598 sicot
1685 5546 1772 5616 [enum
1783 5553 1856 5599 terre
1870 5548 1880 5599 .’·
1895 5545 1987 5614 idest,
2000 5547 2072 5604 dida·

1282 5637 1397 5691 mabitur
1415 5635 1596 5706 superomnia
1609 5634 1679 5705 quod
1694 5636 1720 5690 in
1742 5643 1870 5690 aeternum
1886 5639 2071 5706 promittitur,

1282 5739 1310 5786 et
1327 5727 1524 5798 comparabitur
1536 5727 1598 5784 teno
1614 5737 1691 5782 terrae
1703 5727 1829 5799 quidquid
1849 5744 1898 5799 pro
1917 5742 2017 5803 tuaque
2030 5731 2073 5786 hs-

1281 5819 1359 5877 betur
1370 5818 1398 5874 iu
1413 5817 1522 5874 saeculo.

1318 5908 1361 5968 to.
1381 5909 1455 5982 [tert.
1474 5907 1531 5980 11.)
1544 5907 1585 5964 Sit
1603 5924 1668 5981 erpo
1684 5925 1775 5967 norror
1794 5913 1851 5984 qus
1871 5913 2071 5974 cosmimetria

1281 6002 1375 6058 mertia
1390 6017 1399 6054 .·
1413 6009 1471 6054 cote
1488 6000 1567 6054 soleat
1587 6000 1717 6068 permonet
1729 6017 1819 6058 nomm
1840 6004 1908 6080 ejus.
1923 6005 1978 6062 l‘er
1991 6004 2072 6064 sotto

1318 6138 1326 6169 ¹
1339 6140 1375 6187 tr.
1388 6143 1414 6188 et
1423 6141 1488 6198 ntes..
1506 6096 1706 6207 mindereris
