5025 6925
408 693 462 748 bui

981 667 1177 728 eusanium
1196 669 1229 725 1ι1
1248 668 1408 726 Psittttttt
1427 668 1460 724 1..
1994 661 2045 719 593

408 808 507 864 dicitur
518 801 755 873 θΡΜΜῦθθ»
771 794 947 855 1111191111
963 805 1016 844 ¹¹⁰⁸
1031 788 1120 843 0⁰¹⁰¹⁰
1133 827 1140 850 ι
1152 792 1198 839 ²¹¹²
1248 804 1304 874 iarn
1319 804 1345 858 in
1360 806 1415 872 ipsa
1426 812 1512 856 salute
1526 815 1625 855 sunaus.
1640 799 1707 854 eludi
1720 797 1875 867 Apostolum
1890 812 1896 847 :
1915 799 1967 868 Spe
1979 806 2044 857 enim

412 913 546 967 mrrrqnaur
568 896 699 958 coluisse,
718 899 765 948 atti
786 902 863 957 quern
879 880 983 941 ottlcbtd
1000 878 1149 941 illibi-‘visset
1164 874 1198 929 ad
1251 895 1315 949 salui
1328 894 1388 964 sarsi
1402 910 1498 947 suranna
1512 893 1544 945 lit
1561 892 1620 943 vide
1634 891 1694 959 quia
1710 891 1743 944 dc
1757 891 1812 958 ipsa
1823 891 1909 944 salute
1924 896 2045 960 curturis

409 988 546 1044 errtttulunt
559 986 629 1038 valet
644 983 714 1056 quud
726 981 782 1044 ait,
796 978 828 1032 et
847 974 919 1046 iurpii
932 973 966 1031 ad
981 981 1003 1024 te
1015 976 1197 1023 consuuntur.

413 1082 449 1134 lta
464 1080 557 1145 plenus
568 1092 596 1130 es
610 1077 687 1142 adim
702 1067 890 1128 misericordie
902 1105 909 1126 ,
922 1074 950 1117 ut
960 1063 991 1116 ad
1005 1071 1031 1115 te
1044 1057 1198 1120 conversis,

411 1187 465 1224 tion
481 1170 565 1221 sulum
579 1165 738 1234 quibuslibet
753 1156 944 1231 praesularibus,
960 1153 1006 1206 setl
1021 1151 1100 1206 etiam
1113 1145 1201 1216 impiis

412 1279 466 1317 ntur
487 1262 524 1316 sit
544 1254 747 1326 desperandum·
773 1252 805 1311 lai
820 1249 892 1319 iutpii
917 1246 950 1300 ad
976 1254 998 1297 te
1019 1248 1199 1295 conterremur.

414 1349 532 1421 tttqatdt
560 1346 593 1404 bt
616 1345 757 1401 credentes
774 1342 808 1395 ,in
837 1354 897 1393 enm
925 1335 969 1405 qui
998 1330 1123 1400 justificat
1150 1328 1201 1381 inr-

410 1445 486 1513 pirun
502 1440 663 1508 ,deputetur
691 1435 757 1491 lides
781 1447 874 1489 eorarn
895 1428 932 1487 ,ad
952 1423 1081 1496 justitiam
1103 1419 1201 1490 (lloru

415 1532 495 1602 rv,5)
988 1513 991 1518 ξ
1186 1589 1189 1595 .

452 1626 495 1678 19.
512 1618 594 1695 [aera.
610 1617 674 1691 tu]
688 1616 757 1671 Erue
768 1631 806 1668 me
820 1614 850 1667 de
862 1609 1025 1681 aarrpuiuiiuts
1037 1604 1120 1667 Deus,
1137 1602 1205 1655 Deus

412 1713 506 1769 salutis
519 1727 589 1766 nreoe.
604 1708 740 1778 Expressit
760 1706 855 1759 latinns
874 1703 1004 1768 interpres
1018 1695 1100 1751 rerba
1118 1694 1205 1748 minus

416 1809 499 1860 latino
512 1803 697 1874 proprietatem
713 1809 799 1853 tamen
811 1812 842 1849 ex
856 1810 951 1865 grace.
966 1790 1031 1844 Nune
1047 1799 1140 1841 ornnes
1155 1798 1204 1838 no-

413 1898 503 1950 vinrus
519 1894 598 1948 latine
611 1908 662 1946 non
673 1889 724 1945 dici
735 1887 894 1955 sanguines,
910 1897 957 1936 nee
967 1878 1104 1947 sangnina3
1117 1885 1204 1929 tamen

415 1988 478 2057 quia
500 1987 534 2040 ita
561 1997 663 2054 grecus
685 1980 772 2049 posuit
794 1975 888 2048 plurali
913 1986 1038 2034 nurnero,
1062 1983 1114 2021 non
1148 1965 1205 2037 sine

417 2094 508 2142 retusa,
524 2077 573 2130 nisi
589 2076 649 2145 «ruia
664 2073 715 2126 boc
728 2068 827 2124 invenit
842 2067 867 2120 iu
884 2065 967 2135 prima
981 2062 1067 2130 lingua
1082 2057 1204 2122 bebrua,

419 2169 511 2223 araluit
525 2169 582 2235 prius
595 2167 603 2197 ¹
618 2166 749 2232 interpres
767 2160 855 2214 minus
880 2156 960 2210 latino
979 2149 1078 2221 aliquid
1098 2149 1204 2211 dicere,

418 2277 498 2329 quam
516 2260 603 2313 urinas
616 2253 732 2326 proprie.
746 2253 834 2319 erare
847 2263 909 2317 ergo
924 2244 1061 2316 pluraliter
1073 2241 1138 2295 dixit
1154 2257 1160 2292 :
1176 2237 1207 2292 de

416 2349 636 2423 surrgainibasiln
650 2346 738 2400 nrultis
752 2342 932 2412 sanguinibus,
946 2346 1068 2404 trutinam
1084 2333 1109 2387 in
1125 2330 1207 2400 origi-

418 2458 453 2496 ne
466 2440 555 2495 carnis
570 2440 668 2507 peccati
682 2478 688 2498 ,
703 2434 784 2490 multa
806 2439 913 2504 peecata
925 2428 1033 2497 intelligi
1055 2424 1148 2479 voluit.
1166 2420 1207 2476 Ad

419 2534 475 2601 ipsa
498 2541 603 2602 peccata
625 2528 769 2597 respiciens
788 2523 949 2594 Apostolus,
969 2538 1028 2591 qrtau
1049 2517 1157 2572 veniunt
1175 2513 1208 2569 de

417 2620 683 2692 ‹orruptinneearnis
691 2629 717 2671 ct
730 2615 917 2684 sanguinis,ait
929 2630 935 2666 :
950 2613 1014 2666 Caro
1026 2619 1048 2665 et
1060 2608 1162 2680 sanguis
1170 2622 1209 2660 re·

418 2733 496 2787 paura
506 2714 550 2768 bet
563 2732 612 2767 non
623 2710 791 2783 possidebunt.
801 2709 865 2764 Nam
876 2704 1114 2777 utiquesceundutu
1128 2701 1206 2757 iidem

420 2822 510 2859 reram
530 2804 647 2873 ejrrsdenr
663 2801 791 2873 apastoli,
807 2816 869 2855 earo
891 2800 939 2852 ista
964 2803 1099 2865 resurget,
1112 2802 1138 2849 et
1152 2794 1208 2865 ipsa

420 2897 565 2951 raterebitur
576 2893 811 2963 incorruptionem,
827 2891 932 2945 dicente
944 2890 1000 2958 ipso
1013 2906 1019 2941 :
1035 2887 1138 2957 Oportet
1149 2902 1207 2938 eor-

418 2987 538 3057 ruptibiie
551 2986 597 3040 itae
610 2986 713 3037 iuduere
725 2982 944 3051 incorruptionem,
957 2990 980 3032 et
995 2977 1100 3031 mortulo
1110 2976 1156 3029 boa
1169 2975 1209 3027 ia-

419 3079 497 3132 dttere
511 3076 721 3132 irrtrnortalitutem
734 3073 754 3146 (1
769 3072 826 3128 cor.
840 3087 891 3136 xv,
908 3069 958 3135 ab,
974 3070 1034 3139 55).
1059 3068 1124 3135 Quia
1146 3081 1209 3135 ergo

419 3169 557 3239 ezrrruptio
568 3168 617 3222 ista
630 3166 663 3221 de
678 3173 785 3234 peceato
797 3171 847 3226 est,
861 3161 942 3231 ipsius
955 3160 1061 3213 nonrine
1075 3156 1210 3225 appellau-

420 3273 463 3314 tnr
479 3272 583 3329 peccata
599 3276 605 3311 :
624 3254 845 3326 qtremadrundunt
866 3252 963 3307 dieitur
986 3250 1073 3320 lingna
1096 3256 1123 3302 et
1146 3246 1209 3301 illutl

421 3353 532 3406 ivustnnr
554 3350 641 3407 carnis
662 3358 688 3404 et
709 3348 854 3403 membrum
874 3345 945 3415 quotl
964 3345 989 3399 iu
1004 3357 1051 3397 ore
1066 3351 1209 3407 movetur,

421 3460 481 3497 curn
497 3442 574 3497 verba
596 3439 792 3510 distinguimus,
808 3448 834 3492 ει
846 3437 932 3507 lingna
951 3434 1021 3506 tpuod
1036 3449 1082 3505 per
1095 3433 1210 3503 lingnam

422 3538 461 3600 lit,
475 3536 544 3589 sicat
557 3535 669 3588 dicimus
683 3533 761 3586 :iliam
777 3531 891 3601 lingnam
904 3544 1017 3600 grecam
1028 3569 1035 3592 ,
1048 3528 1126 3581 altam
1151 3528 1209 3580 luti·

411 3647 483 3686 nam
500 3648 506 3682 :
522 3646 572 3683 ιιοιι
589 3630 660 3681 enim
670 3641 733 3681 earo
745 3625 849 3679 diversa
863 3634 913 3689 est,
925 3621 970 3676 sed
986 3635 1076 3674 sortus.
1092 3620 1210 3685 Quernro·

421 3722 457 3774 dn
475 3720 641 3790 crgodicitur
665 3718 752 3786 lingua
765 3757 772 3780 ,
787 3716 884 3769 locutio
903 3729 960 3783 quor
979 3712 1008 3765 lit
1022 3727 1069 3783 per
1083 3711 1210 3780 lingnam3

420 3813 461 3867 sie
474 3811 570 3865 dieitur
580 3817 607 3864 et
617 3809 732 3877 sanguis,
742 3804 865 3875 iniquitas
876 3818 934 3873 qne
946 3804 972 3855 bt
987 3817 1033 3871 per
1043 3801 1210 3871 sanguinem.

421 3902 568 3957 Attendens
581 3913 645 3969 ergo
659 3898 755 3952 multas
769 3896 918 3965 iniquitates
930 3908 1002 3958 suris,
1016 3901 1044 3946 et
1059 3890 1120 3946 illud
1134 3905 1212 3959 snpe-

422 3992 481 4047 rins
490 3990 544 4055 ,m
564 4005 649 4042 omnes
661 3987 803 4058 iniquitates
824 4001 890 4039 meas
903 3983 978 4045 dele,
992 3990 1019 4037 et
1031 3997 1077 4037 eas
1095 3982 1213 4036 tribuens

422 4083 584 4152 corruptioni
598 4082 685 4136 carnis
699 4089 726 4135 et
738 4079 882 4149 sanguinis,
898 4075 987 4130 Libera
998 4092 1053 4142 me,
1068 4076 1167 4144 inquit,
1182 4075 1214 4126 de

422 4175 585 4246 sarrpainibta
600 4188 610 4227 .·
624 4173 674 4227 boe
695 4181 754 4238 est,
774 4170 868 4226 Libera
894 4186 935 4224 me
961 4169 994 4222 ab
1014 4167 1212 4236 iniquitatibus,

423 4269 521 4322 runuda
556 4284 598 4322 rue
622 4267 655 4319 ab
680 4265 751 4319 omni
780 4263 957 4334 corruptione,
989 4261 1212 4329 incorruptionem

422 4359 497 4413 enim
516 4357 648 4413 desiderat
667 4356 712 4426 qrri
726 4356 798 4421 dicit,
814 4353 904 4408 Libera
923 4370 962 4405 me
978 4354 1009 4406 de
1029 4351 1213 4422 saupuiuibue:

422 4450 485 4520 qnia
497 4466 556 4504 coro
568 4459 591 4503 et
600 4449 704 4518 sanguis
717 4464 820 4520 regnum
836 4445 881 4499 bet
892 4462 941 4498 noa
953 4443 1124 4514 possidebunt,
1137 4459 1215 4513 nenne

344 4521 354 4535 ⁵
424 4541 554 4608 eormrptio
585 4539 806 4608 incorruptionem.
832 4536 901 4590 Erue
928 4552 967 4589 me
992 4537 1023 4589 de
1054 4533 1215 4605 sanguinibus

425 4629 505 4696 Oeae,
518 4630 585 4685 Deus
595 4630 683 4685 salatia
693 4645 763 4684 arete.
778 4627 897 4682 Ostendit
908 4629 968 4695 quia
979 4642 1039 4680 euru
1054 4625 1132 4681 itterit
1143 4625 1215 4680 salus

427 4720 542 4790 perlecta
564 4721 590 4774 in
611 4721 661 4775 isto
682 4734 813 4788 corpore,
828 4720 971 4785 corruptio.
985 4717 1010 4770 in
1031 4732 1063 4769 co
1078 4729 1130 4769 non
1144 4715 1213 4782 crit,

424 4829 486 4883 quee
501 4813 655 4882 intelligitur
669 4811 774 4865 nornine
791 4810 880 4864 earrris
894 4819 920 4863 ct
938 4807 1091 4878 anguinis:
1107 4807 1162 4876 ipsa
1174 4815 1216 4861 est

426 4903 497 4956 errim
514 4902 630 4972 perlecta
644 4903 742 4956 sanitas
756 4901 885 4970 corporis.
901 4898 966 4980 Nam
988 4897 1066 4952 ruodo
1080 4898 1215 4968 quomodo

426 5010 521 5049 sanum
541 4992 666 5064 estquod
689 4993 802 5056 labitur,
818 4989 887 5058 rprnd
914 4988 1113 5059 indiget,qund
1130 4988 1216 5050 itabet

428 5096 581 5156 perpetuam
592 5085 732 5156 qrranrdanr
743 5084 924 5156 :egritudinem
941 5083 1016 5137 lamis
1026 5079 1052 5137 et
1066 5083 1125 5137 sitis
1134 5082 1146 5136 1
1155 5081 1216 5136 liae

427 5185 491 5230 tanc
510 5191 564 5231 non
586 5185 663 5230 erunt
678 5193 684 5227 :
699 5175 759 5244 qaia
782 5189 843 5228 esca
867 5174 953 5228 ventri
969 5213 976 5238 ,
991 5182 1018 5227 et
1032 5182 1124 5226 venter
1147 5170 1216 5226 escis

428 5267 484 5339 (ld.
500 5284 544 5335 rr,
560 5268 617 5339 15).
638 5269 706 5323 Dens
725 5279 813 5322 aruem
827 5276 854 5320 ει
868 5266 938 5320 hano
958 5275 984 5321 et
1003 5263 1051 5319 has
1069 5263 1215 5331 evacuabit,

428 5363 486 5417 Erit
496 5361 580 5416 itrrrna
598 5362 716 5431 eorporis
726 5360 840 5432 perlecta
856 5375 888 5414 ex
901 5359 957 5413 lico
970 5399 976 5420 ,
989 5358 1112 5427 absorpta
1131 5364 1217 5411 morte

429 5452 455 5507 in
467 5451 604 5506 victoriam
617 5449 673 5523 (ld.
685 5467 730 5516 av,
740 5451 796 5519 51),
809 5451 880 5504 nulla
890 5450 1049 5518 subrepente
1056 5447 1215 5514 delectione,

429 5543 510 5596 antiis
531 5552 630 5597 ntatata
647 5542 783 5603 aetatibus,
797 5541 869 5594 nullo
889 5540 978 5594 labore
989 5540 1085 5593 lassata
1098 5548 1124 5592 ut
1135 5540 1146 5569 ¹
1157 5537 1216 5593 cibo

429 5635 552 5689 fulciatur
564 5675 571 5699 ,
585 5645 612 5689 et
632 5634 718 5703 aliqua
741 5649 801 5687 esea
821 5632 962 5687 reficiatur.
976 5631 1027 5687 Sed
1051 5647 1103 5685 non
1118 5631 1217 5685 crimus

430 5741 488 5780 sure
501 5741 563 5781 esca
582 5735 607 5780 et
627 5734 689 5795 putu
702 5742 709 5779 :
725 5726 780 5793 ipse
791 5724 842 5777 crit
852 5725 928 5777 cibus
941 5735 1032 5777 noster
1045 5722 1117 5776 Deus
1130 5732 1156 5776 et
1170 5735 1219 5790 po·

430 5825 472 5870 tus
490 5827 589 5871 nomer.
603 5815 682 5871 Solus
698 5815 741 5867 ille
757 5815 831 5868 cibus
851 5813 934 5868 reiicit
952 5830 1000 5868 nee
1013 5813 1112 5869 delicit.
1129 5811 1219 5866 Libero

409 5885 414 5902 ⁴
429 5923 471 5961 are
481 5906 513 5961 de
526 5907 688 5979 sanpuinibus
702 5905 777 5969 Oetes,
792 5906 858 5959 Orus
868 5907 957 5960 radatis
972 5921 1044 5966 mere.
1057 5904 1134 5960 blodo
1147 5903 1219 5960 enim

404 6059 418 6138 i·
462 6087 472 6116 ¹
490 6083 601 6148 Plerique
613 6092 677 6138 tiss,
689 6081 773 6145 potitis.
865 6063 870 6073 ’

462 6149 475 6179 ²
489 6147 555 6196 erut..
568 6151 591 6194 nt
603 6142 855 6206 irretioarbofuleiutur.
867 6142 1026 6202 ¹tbestrrtuiio,
1037 6156 1050 6190 o
1061 6148 1116 6193 tiss

1251 988 1374 1042 dicebat:
1392 983 1424 1038 ln
1438 984 1632 1049 uobismetipsis,
1648 983 1730 1052 inntrit
1743 1023 1750 1045 ,
1763 982 1965 1052 inperniaaimns,
1979 986 2040 1038 ado-

1254 1079 1362 1143 ptionem
1384 1084 1573 1143 exspectantes,
1597 1075 1793 1142 redemptionem
1819 1076 1932 1142 corporis
1954 1079 2043 1129 nostri.

1254 1170 1307 1240 Spe
1317 1171 1381 1222 enirn
1392 1170 1455 1222 aulai
1466 1168 1527 1233 [aeti
1535 1183 1632 1219 srernns.
1645 1166 1710 1236 Spes
1718 1176 1800 1218 auteur
1809 1182 1865 1233 qrree
1877 1168 1981 1230 videtur,
1995 1184 2044 1222 nort

1254 1272 1289 1313 est
1303 1276 1357 1328 spes
1374 1259 1463 1326 :netad
1478 1259 1544 1311 euim
1566 1258 1632 1310 uidet
1643 1259 1709 1320 ouis,
1725 1257 1786 1323 quid
1799 1259 1904 1327 sperat?
1915 1257 1947 1311 Si
1961 1270 2043 1313 autern

1254 1352 1322 1419 quoti
1334 1367 1384 1404 teon
1395 1350 1505 1403 ridemus
1514 1365 1654 1416 speramus,
1666 1365 1710 1417 per
1720 1348 1863 1416 patientiam
1875 1326 2044 1418 e'rspreetttntui

1257 1442 1342 1511 (llonr.
1352 1441 1461 1506 vnnib,
1472 1439 1588 1511 15).Ουί
1598 1440 1804 1507 perseveraverit
1815 1455 1896 1508 usqne
1913 1440 1938 1493 in
1953 1441 2042 1505 linctu,

1257 1535 1312 1605 ipsa
1327 1543 1369 1589 est
1380 1534 1424 1588 illa
1438 1534 1563 1602 patientia
1580 1550 1586 1585 :
1604 1531 1649 1585 bie
1662 1532 1750 1585 salvus
1763 1532 1813 1586 erit
1828 1531 1934 1600 (allattb.
1950 1549 1977 1596 x,
1992 1533 2033 1594 tt.

1256 1635 1279 1678 et
1290 1639 1368 1687 xxiv,
1386 1621 1440 1695 15),
1456 1623 1510 1692 ipsa
1527 1631 1568 1676 est
1588 1622 1661 1676 salus
1673 1637 1752 1691 qutun
1765 1622 1880 1677 nonduin
1895 1623 2043 1691 lrabenrnv,

1256 1714 1302 1769 sed
1317 1716 1430 1770 babituri
1449 1732 1548 1769 smnus.
1564 1713 1685 1782 Nondum
1701 1724 1741 1768 est
1755 1730 1815 1778 res,
1828 1716 1874 1770 seri
1889 1728 1959 1771 certa
1973 1735 2043 1786 spes.

1258 1804 1291 1858 m
1305 1806 1437 1859 exsultabit
1453 1805 1539 1875 liupua
1550 1822 1605 1859 urea
1613 1806 1739 1874 justitium
1754 1816 1832 1860 taam.

1292 1896 1336 1951 itt.
1358 1895 1450 1967 [εει-ε’
1464 1894 1529 1969 ll]
1546 1896 1651 1951 Oonrine
1664 1939 1672 1963 ‚
1685 1896 1753 1951 labia
1773 1915 1828 1952 tneo
1846 1900 1943 1968 reperies
1960 1943 1966 1966 ,
1981 1913 2004 1957 et
2019 1921 2047 1960 os

1257 2005 1339 2043 arreum
1359 1990 1517 2042 ortunntinbit
1533 1989 1632 2042 lotidem
1652 1999 1729 2044 tuam.
1747 1990 1857 2045 Laudem
1870 2003 1949 2055 tuom,
1962 1994 2022 2061 unia
2037 1995 2043 2023 ¹

1257 2091 1364 2136 creatus
1376 2098 1449 2142 ειιιιι;
1464 2083 1563 2135 landem
1574 2092 1663 2147 tuam,
1678 2083 1738 2151 quia
1755 2098 1866 2151 peccans
1879 2100 1931 2138 non
1949 2085 2044 2140 dercli-

1258 2184 1316 2228 ctns
1330 2188 1407 2236 sunr;
1422 2174 1520 2228 laudern
1535 2184 1613 2237 tetam,
1626 2175 1686 2244 quia
1702 2183 1730 2227 nt
1743 2175 1883 2229 coniiterer
1895 2176 2045 2230 admonitus

1258 2280 1333 2327 suun
1349 2265 1449 2318 laudem
1462 2275 1548 2328 tuear,
1564 2265 1624 2333 quia
1637 2275 1666 2318 nt
1680 2279 1789 2322 securus
1798 2280 1886 2323 essem
1905 2267 2046 2321 attrndatns

1260 2371 1327 2408 snm.
1339 2354 1418 2409 bobia
1432 2372 1488 2409 erteo
1499 2355 1605 2424 aperies,
1616 2364 1639 2409 et
1650 2371 1677 2409 ae
1686 2372 1768 2410 meum
1777 2356 1935 2412 anuarrtiobit
1945 2356 2045 2411 laudem
2053 2400 2061 2403 ..

1260 2460 1339 2501 taoni.

1294 2538 1338 2594 91.
1352 2537 1429 2612 [uere
1439 2541 1487 2605 lii,
1503 2540 1558 2614 lb]
1575 2542 1733 2610 Quoniam-ri
1746 2543 1865 2600 uolatimea
1878 2540 2042 2614 sacrificiunt,

1251 2630 1384 2684 dedissem
1400 2631 1493 2699 utioue.
1515 2632 1541 2684 ln
1564 2632 1611 2686 illo
1625 2644 1745 2703 ternpore
1760 2644 1817 2689 erat
1832 2634 1927 2699 David,
1941 2636 2046 2706 quanda

1260 2723 1388 2778 sacrificia
1409 2724 1574 2780 victimarum
1597 2726 1748 2780 animalium
1778 2727 1957 2783 ollereluntur
1973 2729 2045 2794 lien,

1260 2824 1287 2869 et
1299 2814 1404 2869 videbat
1416 2814 1472 2869 luae
1485 2816 1569 2869 lutura
1587 2828 1715 2886 tempora.
1730 2817 1823 2873 Nonne
1838 2821 1864 2873 in
1885 2818 1926 2875 bis
1940 2821 2046 2874 vocibus

1261 2923 1310 2963 nos
1332 2909 1520 2977 agrioseimnsi
1543 2909 1623 2962 Erant
1637 2910 1679 2963 illa
1699 2910 1827 2965 sacriiicia
1840 2911 1966 2979 figurata,
1981 2928 2047 2979 prae·

1261 2999 1406 3054 nuntiantia
1421 3017 1501 3056 unum
1512 3001 1624 3054 salutare
1635 3000 1803 3054 sacrtttctnm.
1819 3001 1871 3054 Nee
1884 3017 1932 3055 nos
1945 3002 2047 3056 dimissi

1261 3094 1319 3148 sine
1328 3091 1459 3148 sacrificio
1470 3108 1571 3172 sagrus,
1585 3093 1655 3163 quad
1669 3094 1723 3148 Deo
1733 3093 1884 3148 offeramus.
1899 3094 1965 3149 badi
1978 3095 2047 3150 enirn

1259 3186 1323 3256 naid
1341 3187 1411 3241 dieat
1430 3202 1519 3240 euram
1533 3200 1628 3256 gerens
1641 3201 1690 3256 pro
1704 3195 1813 3256 peceato
1835 3202 1893 3249 sno,
1908 3197 1935 3241 et
1948 3187 2047 3256 ignosci

1262 3278 1316 3357 sibi
1326 3276 1417 3331 volens
1431 3276 1527 3331 malurn
1543 3276 1612 3345 quod
1623 3276 1684 3331 lecit
1698 3295 1705 3330 ε
1718 3276 1748 3331 81
1760 3278 1887 3339 colubres,
1902 3278 1995 3345 innuit,
2004 3296 2048 3332 eu-

1262 3369 1394 3435 orificium,
1405 3368 1527 3422 dedissem
1538 3368 1630 3436 attane.
1652 3366 1812 3422 lloloomtstis
1822 3385 1871 3421 nort
1879 3368 2049 3422 delectaberis.

1262 3460 1333 3515 Nibil
1355 3477 1419 3530 ergo
1443 3459 1602 3515 oberernus?
1626 3459 1664 3514 sie
1686 3460 1823 3515 veniemus
1845 3460 1876 3515 ad
1898 3460 2003 3515 Deum?
2018 3459 2049 3516 Et

1264 3555 1332 3609 uude
1343 3554 1416 3607 illurn
1428 3551 1608 3623 placabimus?
1618 3551 1690 3608 iiiior
1701 3569 1709 3617 ς
1720 3568 1786 3607 sane
1799 3553 1826 3606 in
1842 3564 1868 3606 te
1883 3553 1963 3607 babes
1979 3552 2050 3622 qrrrrd

1257 3646 1368 3701 nllcras.
1382 3647 1440 3702 Noli
1454 3647 1619 3700 extrinsecus
1640 3645 1715 3700 thura
1735 3661 1901 3714 comparare,
1925 3646 1971 3700 sed
1985 3645 2028 3699 die
2042 3663 2049 3695 z

1264 3738 1296 3792 ln
1311 3756 1350 3793 me
1363 3748 1439 3803 aaut,
1456 3736 1532 3802 Deua,
1557 3747 1613 3791 uota
1633 3747 1685 3802 tun,
1713 3752 1769 3806 quo:
1793 3736 1897 3789 reddam
1912 3735 1994 3790 laudis
2008 3736 2051 3790 tibi

1265 3829 1358 3903 (Psoi.
1374 3846 1416 3892 nv,
1437 3829 1471 3884 li
1482 3831 1501 3900 ).
1517 3828 1575 3882 Noli
1586 3828 1751 3882 extrinsecus
1763 3842 1843 3895 pecus
1863 3825 1932 3891 aprnd
1953 3835 2051 3880 rrtaetes

1265 3921 1408 3989 inquirere,
1423 3920 1503 3972 ltalves
1525 3920 1550 3972 iu
1566 3929 1591 3973 te
1603 3917 1673 3988 qtrod
1687 3918 1802 3972 ocenias.
1824 3917 1984 3983 Seuripeium
1999 3916 2052 3970 lieo
2067 3909 2072 3924 '

1264 4013 1367 4082 spiritus
1386 4010 1564 4064 contribulatas
1590 4025 1659 4063 :eor
1680 4009 1814 4061 contritum
1840 4019 1864 4060 et
1888 4008 2050 4061 lrurnr'liatuur

1264 4102 1335 4157 Oetes
1350 4119 1399 4156 uon
1412 4102 1517 4169 spernit.
1543 4101 1656 4156 Prorsus
1682 4101 1782 4168 spernit
1801 4111 1915 4158 taurum.
1938 4098 2051 4166 ltircum,

1264 4196 1375 4248 arietem
1397 4211 1404 4247 ι
1423 4194 1477 4261 jam
1497 4210 1549 4246 mur
1567 4200 1608 4246 est
1634 4201 1737 4261 ternpus
1760 4200 1789 4243 ut
1816 4191 1872 4242 liare
1895 4189 2051 4246 offerantur.

1266 4286 1358 4339 Oblata
1373 4292 1434 4338 sunt
1447 4299 1505 4338 curn
1521 4283 1618 4352 aliquid
1631 4283 1788 4345 tatttcannt,
1807 4299 1866 4336 ειιιιι
1879 4282 1976 4346 aliernid
1991 4296 2052 4353 pro·

1267 4378 1420 4439 mitterent,
1442 4376 1607 4430 venientibus
1627 4374 1706 4428 rebus
1725 4374 1873 4443 prontissis,
1899 4373 2053 4442 promissio·

1266 4488 1313 4527 nes
1332 4471 1427 4524 ablatae
1441 4477 1512 4524 strat.
1533 4467 1583 4522 Cor
1603 4469 1737 4521 contritum
1762 4477 1785 4521 et
1809 4466 1966 4521 lvumilt'atunt
1978 4465 2053 4539 lim

1267 4579 1317 4616 nou
1343 4562 1447 4632 spernit.
1463 4560 1552 4614 Nostis
1575 4559 1634 4628 quia
1661 4558 1783 4612 excelsus
1803 4567 1843 4612 est
1865 4558 1957 4612 Dens:
1979 4558 2001 4613 ε1
2026 4565 2054 4613 ιιι

1267 4655 1400 4708 excelsum
1411 4652 1515 4716 leceris,
1527 4650 1705 4720 longinquabit
1715 4669 1728 4702 a
1740 4661 1780 4711 ιε;
1794 4649 1816 4703 si
1831 4646 2053 4711 tebnmiliaver'ts,

1271 4745 1452 4815 prupirrquabit
1466 4742 1499 4796 atl
1513 4751 1547 4795 te.

1301 4837 1347 4892 22.
1361 4836 1435 4909 [uera.
1448 4832 1509 4907 ab]
1521 4834 1613 4888 Videte
1624 4834 1683 4903 orris
1696 4833 1745 4887 iste
1763 4832 1797 4887 sit
1813 4849 1819 4883 :
1836 4847 1903 4885 nnus
1917 4829 2055 4887 videbatur

1267 4929 1405 4999 deprecari
1420 4918 1520 4990 birni,
1537 4926 1622 4981 videte
1635 4926 1676 4979 bic
1690 4924 1828 4992 imaginem
1843 4931 1959 4976 trostraru
1973 4930 1999 4976 ct
2012 4929 2055 4994 ty·

1269 5039 1330 5093 putn
1345 5023 1480 5077 Ecclesiae.
1490 5021 1603 5091 lienique
1618 5020 1668 5090 (oe,
1683 5017 1799 5078 bomine,
1812 5015 1838 5068 in
1851 5015 1917 5068 bona
1929 5015 2055 5069 uoluntate

1269 5124 1311 5167 tao
1326 5114 1400 5168 Sion.
1417 5112 1483 5166 llnic
1496 5111 1559 5168 Sion
1579 5107 1755 5178 benigneiae.
1781 5108 1844 5172 Qum
1863 5117 1903 5160 est
1915 5106 1998 5162 Sion?
2011 5105 2056 5163 et·

1269 5206 1336 5261 vitas
1348 5214 1449 5270 saneta.
1470 5203 1534 5270 Quae
1558 5209 1598 5255 est
1609 5200 1704 5255 civitas
1726 5209 1815 5252 saneta
1827 5198 1838 5251 i
1850 5197 1915 5265 Quae
1929 5196 2055 5253 abscondi

1269 5312 1322 5352 aon
1337 5302 1423 5366 potest
1439 5309 1518 5362 super
1535 5301 1650 5347 montem
1663 5291 1803 5344 constituta
1816 5288 1825 5361 (
1837 5289 1928 5343 llattlr.
1951 5305 1976 5350 r.
1992 5288 2054 5360 11).

1269 5386 1332 5442 Sion
1347 5388 1373 5440 in
1384 5383 1563 5453 speculatione
1574 5382 1634 5451 araia
1649 5380 1745 5450 aliquid
1760 5389 1862 5448 spectat
1874 5380 1944 5449 qrrrrd
1956 5390 2055 5449 sperat.

1272 5480 1537 5548 lrtterpretaturenim
1551 5475 1614 5528 Sion
1627 5472 1776 5542 Speculatio
1790 5514 1797 5537 ,
1811 5482 1838 5527 ct
1851 5472 1998 5527 lerrrsalem
2012 5471 2054 5527 11·

1272 5573 1312 5626 sio
1325 5570 1408 5641 pacis.
1421 5567 1570 5638 ignoscitis
1580 5581 1697 5635 ergovos
1711 5566 1737 5619 in
1748 5565 1809 5620 Sion
1823 5573 1850 5618 et
1861 5568 1885 5618 in
1896 5563 2053 5627 Jertrsalem,

1271 5664 1292 5718 si
1308 5661 1372 5715 certi
1387 5659 1531 5728 expectatis
1545 5673 1619 5724 spent
1636 5656 1760 5720 luturarn,
1775 5668 1801 5709 ει
1813 5655 1834 5707 si
1851 5669 1940 5722 pacem
1953 5653 2055 5707 bebetis

1271 5770 1330 5808 curn
1347 5754 1410 5808 beo.
1428 5751 1620 5819 Ettedificentar
1635 5750 1700 5801 utini
1716 5747 1865 5801 lerrtsaiem.
1883 5744 1991 5813 Benigne
2002 5744 2056 5812 sae,

1273 5845 1390 5908 Domine,
1399 5841 1497 5896 inbono
1510 5840 1638 5895 uoluntate
1649 5850 1691 5892 tua
1704 5839 1777 5897 Sion,
1791 5847 1813 5891 et
1821 5834 1976 5902 edificentur
1991 5831 2058 5885 tauri
2150 5826 2153 5833 '

1271 5935 1411 5992 Jerusalem
1424 5951 1433 5987 .·
1446 5932 1503 5987 Nun
1517 5931 1566 5985 sibi
1582 5931 1652 5985 enim
1666 5931 1763 5983 trilnrat
1776 5929 1838 5983 Sion
1859 5925 1945 5992 :aliana
1961 5923 2056 5977 tuerittt

1272 6043 1318 6086 sua
1334 6044 1342 6082 τ
1358 6034 1385 6080 tu
1398 6038 1457 6080 cum
1474 6016 1516 6078 itti
1530 6024 1570 6077 iac
1585 6024 1706 6090 ltctrigne.
1722 6019 1892 6086 dl'dificentur
1904 6013 2056 6069 rtruridera·

1305 6140 1314 6171 ¹
1333 6144 1357 6186 tn
1369 6135 1491 6200 primisque
1503 6142 1555 6182 tiss.
1565 6138 1778 6190 arueratermaa.
