5025 6925
442 645 494 704 att
1047 634 1076 694 S.
1096 633 1278 693 tbcusitttt
1297 633 1443 692 EPlSCDl'l

442 776 501 817 ntus
513 768 619 831 propter
633 768 669 821 te,
682 754 788 811 choma
800 749 946 822 quimdiu,
961 766 1012 805 nan
1027 750 1073 806 tibi
1084 763 1222 819 comparas
1274 747 1380 819 quando
1401 750 1476 805 nobis
1497 748 1610 821 desuper
1629 752 1756 821 permittit
1780 753 1788 786 ¹
1806 752 1925 808 hemines
1947 768 2057 816 noerae,

442 854 535 909 beura.
549 850 651 907 Eterrirn
665 858 786 903 creatura
796 860 841 911 es,
857 845 900 900 ille
912 852 1015 899 creator
1030 852 1101 898 tuus.
1121 841 1175 898 Nec
1189 842 1221 896 il·
1273 854 1326 895 non
1337 841 1496 897 uoluntatem
1507 843 1619 898 nocendi
1629 844 1741 911 desrmcr
1750 843 1816 908 dari,
1827 844 1872 899 scd
1885 854 2059 914 patcsmtcm.

440 945 634 1001 lumbominem
646 939 691 995 tibi
702 938 831 1003 attuleras,
842 936 902 1007 quia
912 943 1053 1006 propterte
1064 934 1142 989 bomo
1153 933 1223 988 Deris
1274 928 1458 1003 Unusquisque
1471 922 1550 989 euim¹
1564 936 1646 989 malus
1660 934 1728 1003 aquid
1749 950 1777 989 se
1793 935 1870 989 babet
1892 937 2058 992 rotonensem

2002 641 2063 696 ‘Bb'

339 1019 341 1023 ¹
440 1047 510 1098 tuns,
524 1042 551 1089 ct
563 1032 677 1088 Verbum
690 1030 772 1086 Filius
787 1030 833 1085 Dei
848 1046 855 1083 :
869 1027 916 1084 sed
933 1027 1006 1081 illum
1022 1025 1155 1081 bominem
1174 1023 1223 1079 tibi
1275 1020 1385 1077 nocendi
1402 1039 1409 1077 r
1424 1032 1550 1078 rrtautcm
1572 1026 1655 1095 possit
1669 1040 1774 1091 sincere,
1798 1040 1850 1080 nnn
1863 1025 1941 1080 babet
1960 1027 1986 1081 in
2012 1041 2057 1096 po·

439 1126 575 1197 pratens,
590 1134 713 1195 tanquam
737 1121 919 1186 mediatorem,
940 1120 1023 1176 Deum
1042 1128 1223 1189 aummsupra
1274 1120 1380 1171 testate.
1393 1116 1427 1173 Ut
1441 1116 1573 1187 oclisiam
1589 1132 1651 1173 rcus
1665 1127 1706 1173 est
1722 1135 1729 1171 ι
1744 1129 1772 1172 ιιι
1785 1119 1986 1189 possiuoeculta
2000 1119 2061 1175 die-

440 1231 544 1272 omnem
556 1224 702 1270 creaturam
715 1231 722 1268 ι
733 1221 759 1268 et
771 1212 808 1267 sie
819 1211 958 1282 intelligas.
967 1211 1026 1281 quia
1039 1208 1084 1279 qui
1096 1208 1176 1263 bomo
1186 1207 1223 1264 ia·
1273 1207 1428 1277 pensatione
1448 1207 1618 1277 prouidentiae
1640 1208 1684 1263 Dei
1705 1210 1731 1263 ιιι
1746 1208 1825 1263 alium
1846 1210 2007 1278 permittitur
2025 1210 2060 1268 sd

438 1303 999 1375 eierassepropterte,narrirraongrueom
1012 1310 1107 1372 prore.
1121 1300 1223 1371 siergo
1274 1311 1390 1367 penam.
1419 1298 1445 1352 in
1467 1298 1547 1362 atium
1574 1298 1786 1367 permarinum
1810 1300 2060 1369 protestaremur

438 1415 491 1454 nan
504 1400 646 1468 incongrue
656 1406 768 1465 aratpro
779 1404 814 1458 te,
823 1409 874 1448 non
887 1395 1028 1464 incongrue
1041 1393 1161 1461 potuitet
1173 1391 1222 1448 ista
1273 1391 1353 1446 alium
1367 1392 1527 1461 permittitur
1538 1391 1571 1446 ad
1585 1406 1720 1447 coronam.
1734 1390 1774 1446 Ad
1789 1406 1909 1462 poenam,
1924 1393 2062 1464 mornado

439 1492 520 1547 verita
532 1492 621 1546 dicere
634 1501 741 1560 propter
755 1497 781 1543 te
799 1506 805 1541 :
830 1486 954 1541 Drabaio
972 1496 1006 1551 te,
1020 1483 1138 1550 Domine,
1156 1499 1222 1554 quo·
1273 1484 1393 1551 permissi
1405 1492 1467 1538 suris
1478 1486 1613 1556 ἀλλόφυλοι,
1628 1482 1653 1537 id
1669 1494 1707 1537 est
1720 1482 1884 1552 alienigenae,
1900 1499 1997 1553 capere
2010 1495 2062 1554 pn·

438 1586 507 1638 uiam
521 1583 652 1651 sererepisti
665 1599 714 1648 me,
726 1597 770 1636 nec
784 1579 933 1651 jucundasti
944 1577 1057 1632 inimicas
1071 1592 1224 1643 mossupee
1271 1574 1363 1644 pulum
1377 1572 1465 1639 lsrael,
1481 1574 1541 1643 quia
1555 1581 1730 1642 peecaverunt
1742 1573 1768 1627 in
1784 1559 1865 1628 Deum
1879 1574 2018 1645 (lautas,
2028 1575 2057 1643 i,

438 1691 487 1728 nae.
514 1674 571 1738 Sed
589 1674 637 1728 ista
659 1672 750 1736 verita,
770 1672 793 1726 si
814 1687 867 1726 non
890 1670 1066 1740 intelligamus
1090 1668 1221 1734 inimicos,

438 1765 503 1821 falsa
516 1774 604 1829 erum,
620 1765 703 1834 ipsam
727 1764 864 1818 Dominum
887 1761 976 1820 tesam
999 1760 1131 1817 Christum
1148 1760 1222 1829 cogi·

354 1852 356 1855 ’
439 1865 534 1911 tames.
548 1855 686 1924 Quomodo
699 1853 769 1908 enim
791 1869 881 1907 rerum
895 1860 946 1920 est,
959 1852 982 1908 si
1003 1851 1124 1906 Christus
1135 1849 1224 1906 Domi·

439 1963 488 2003 trus
501 1948 625 2016 loquitur,
647 1945 771 2000 Exultabo
785 1954 818 2011 te,
830 1944 946 2011 Domine,
966 1943 1082 2014 quoniam
1095 1942 1224 2014 suscepisti

439 2038 549 2094 sarcilia
565 2054 675 2107 persona
689 2037 814 2103 lrominis,
828 2053 860 2093 ex
876 2051 987 2106 persona
1002 2036 1172 2101 inllrmitatis,
1187 2049 1221 2090 ex

439 2143 552 2199 persona
565 2129 669 2195 earnis,
683 2128 816 2199 quomodo
830 2143 922 2184 rerum
935 2136 976 2183 est
992 2145 998 2181 :
1012 2125 1224 2197 quandoquidem

436 2221 570 2292 jucrmdati
588 2233 650 2277 sunt
672 2221 841 2291 inimicicias
855 2235 935 2290 super
947 2235 1017 2283 eam,
1032 2218 1138 2288 quando
1150 2218 1223 2273 illum

438 2312 633 2376 crucitixerunt,
646 2318 786 2367 tenuerunt
796 2325 867 2374 eum,
879 2318 907 2364 et
917 2309 1125 2378 llagellarerunt,
1139 2317 1167 2363 et
1176 2322 1223 2362 co-

440 2404 657 2472 laphizaverunt,
678 2404 816 2467 diceutes,
839 2400 993 2474 Prophetiaa
1017 2401 1104 2479 nobis,
1127 2399 1225 2458 canuc

437 2494 542 2566 (Martia.
554 2510 625 2559 sarr,
639 2494 683 2562 aa,
696 2493 781 2565 nteit
801 2493 851 2550 lsta
872 2492 1023 2563 jucunditas
1041 2506 1132 2547 eurum
1147 2489 1225 2561 quasi

438 2586 509 2655 cingit
522 2599 571 2640 nos
592 2594 682 2653 putare
697 2584 791 2639 lalsum
811 2582 960 2653 essequod
981 2573 1079 2637 dictum
1098 2589 1149 2648 est,
1169 2577 1226 2633 Nec

437 2676 582 2750 {madanti
606 2677 717 2730 inimicos
740 2692 806 2729 meos
829 2691 905 2745 super
928 2690 977 2727 aee.
999 2672 1099 2729 Deinde
1115 2686 1176 2727 eum
1197 2671 1224 2728 iu

437 2783 516 2823 cruce
528 2766 666 2838 penderet,
677 2777 705 2822 et
719 2765 865 2822 transibant
878 2764 921 2821 rel
936 2764 1050 2829 stabant,
1063 2771 1091 2819 et
1103 2761 1225 2819 attende·

439 2860 512 2927 bant,
525 2871 553 2916 ct
565 2868 644 2928 eaput
656 2859 843 2925 malabranca
855 2855 987 2922 dicebant,
998 2854 1065 2910 Ecce
1079 2853 1161 2909 Filius
1168 2852 1224 2923 Dei,

439 2953 504 3006 alias
516 2951 598 3004 salens
612 2951 679 3021 fecit,
692 2949 859 3021 seipsumnon
867 2955 954 3017 potem
965 2944 1098 3000 descendat
1107 2946 1225 3013 decrace,

441 3053 464 3098 et
489 3044 613 3097 credimus
634 3040 660 3094 ιἰι
681 3057 737 3094 eum
758 3038 814 3113 (ld.
836 3054 920 3103 xxnrr,
946 3036 1009 3106 li),
1033 3035 1150 3091 diceutes
1177 3036 1226 3089 ista

442 3148 530 3187 nonne
546 3127 759 3202 jucundabantur
777 3144 858 3200 super
878 3125 956 3184 cunr?
970 3125 1020 3182 Ubi
1034 3133 1076 3181 est
1094 3138 1159 3194 ergo
1177 3123 1225 3179 ista

442 3241 503 3290 viix,
517 3224 641 3279 Exultabo
662 3233 697 3292 te,
708 3223 822 3285 Domine,
837 3221 955 3293 quonium
973 3218 1102 3290 suscepisti
1119 3233 1169 3285 are,
1182 3233 1228 3272 nec

439 3318 586 3388 irretradosti
596 3317 710 3371 inimicos
723 3333 790 3370 meas
802 3330 877 3384 super
891 3313 950 3368 mei

475 3408 501 3462 5.
522 3406 645 3463 Fortasse
667 3421 718 3462 nou
733 3414 773 3462 est
795 3406 845 3459 ista
867 3419 918 3458 uox
940 3402 1042 3457 bomini
1060 3400 1143 3456 nostri
1162 3399 1227 3456 lesu

440 3497 549 3564 Christi,
563 3497 610 3552 sed
625 3499 633 3529 ¹
658 3498 739 3567 ipsius
753 3495 883 3560 hanrinis,
898 3493 944 3550 sed
960 3494 1088 3548 uniuersa
1102 3491 1228 3548 Ecclesiae

441 3587 529 3657 qmpnli
544 3586 680 3643 cbristiaui
696 3602 703 3638 τ
718 3584 781 3656 quia
801 3584 979 3640 omnishomo
996 3583 1022 3638 in
1041 3582 1147 3637 Christo
1161 3595 1228 3636 unns

442 3683 522 3737 boaro
535 3690 586 3748 est,
600 3691 628 3736 et
641 3680 727 3735 unitas
743 3678 952 3734 Christianorum
967 3692 1035 3731 urias
1051 3674 1141 3731 banio.
1161 3674 1228 3729 For·

441 3783 511 3828 uisse
524 3773 579 3842 ipse
591 3773 681 3836 lromo,
696 3770 780 3835 idest,
798 3767 1103 3825 unitastristiannrum
1116 3765 1171 3835 ipsa
1182 3763 1224 3818 di·

441 3865 498 3918 cit:
516 3863 639 3918 Exultabo
658 3872 691 3927 te,
704 3860 826 3928 Domine,
842 3860 959 3930 quoniam
972 3857 1102 3926 suscepisti
1120 3873 1168 3920 me,
1183 3871 1229 3910 nec

441 3957 584 4022 jucundasti
602 3956 714 4010 inimicos
729 3970 797 4008 areas
818 3968 893 4022 super
908 3968 955 4006 ure.
978 3948 1116 4017 Quomodo
1137 3958 1161 4001 et
1178 3945 1229 4002 hoe

441 4061 533 4102 uerrrm
553 4057 595 4102 cst
607 4046 642 4102 de
656 4046 726 4101 itttst
745 4042 802 4100 Non
816 4053 878 4099 sarit
894 4040 1078 4112 comprehensi
1099 4039 1228 4109 Apostoli,

443 4153 499 4193 nan
513 4130 575 4192 sunt
592 4137 672 4202 cusi,
692 4150 746 4190 non
761 4142 822 4189 snm
835 4133 976 4204 flagellati,
991 4146 1041 4185 non
1056 4138 1120 4186 sum
1137 4124 1241 4194 occisi,

442 4245 496 4306 non
509 4239 571 4285 sutri
584 4228 719 4292 crucilixi,
736 4243 788 4282 nnn
803 4235 864 4281 sunt
876 4223 976 4280 incensi
994 4223 1055 4286 uiui,
1070 4237 1122 4276 nau
1135 4221 1167 4274 ad
1182 4220 1230 4276 be·

443 4322 508 4376 stias
530 4328 723 4390 pugnaverunt,
746 4333 857 4390 quorum
879 4315 1021 4373 memorias
1045 4312 1230 4370 celebramusi

444 4412 556 4482 Quando
569 4421 656 4468 aritem
671 4412 720 4466 ista
740 4410 791 4466 illis
803 4408 933 4466 iaciebant
944 4406 1075 4471 immines,
1090 4419 1177 4460 unrrnc
1189 4404 1230 4473 ju·

445 4504 629 4560 condebantur
640 4518 720 4572 super
730 4503 795 4558 eost
817 4501 954 4565 Quomodo
968 4514 1031 4568 erge
1043 4507 1128 4568 potest
1141 4507 1168 4552 et
1181 4510 1230 4565 po·

445 4597 522 4668 glutus
533 4592 791 4650 elrristianusdiccre
800 4609 806 4645 ε
816 4590 938 4645 Eaaltaba
945 4601 977 4657 te,
988 4587 1103 4649 Domine,
1111 4587 1229 4656 quoniam

444 4686 573 4755 suscepisti
587 4700 635 4750 me,
651 4699 695 4738 nec
704 4681 850 4754 jucundasti
864 4682 975 4735 inimicos
989 4695 1056 4733 nuos
1067 4693 1143 4746 super
1155 4676 1215 4730 nte?

333 4834 337 4846 ,
430 4816 433 4828 ·
479 4778 506 4833 6.
527 4774 601 4850 [aera
618 4773 656 4846 l.]
680 4773 857 4842 intelligemus
877 4771 942 4837 boc,
958 4770 979 4824 si
1000 4769 1134 4823 virleantus
1148 4767 1232 4835 primo

357 4937 360 4945 Ι
442 4872 549 4925 titulum
564 4867 672 4924 Psalrrri.
688 4865 772 4920 llsbet
782 4862 853 4919 euim
869 4878 876 4914 t
895 4860 928 4914 ln
943 4861 1018 4929 finem
1033 4859 1150 4914 l'salmus
1164 4854 1232 4914 Cun-

445 4964 489 5016 tici
513 4960 677 5016 dedicationis
696 4958 786 5014 dotatus
799 4955 847 5026 ipsi
868 4953 959 5009 Dauid.
979 4952 1006 5008 lu
1027 4953 1078 5007 boc
1096 4952 1171 5006 titulo
1192 4961 1234 5010 est

444 5053 535 5108 omisis
569 5067 653 5121 spes,
672 5060 701 5106 et
735 5050 886 5104 universum
917 5053 1108 5100 sacramentum
1138 5042 1234 5098 dissol-

446 5143 540 5198 uendae
550 5143 627 5213 liujus
638 5139 801 5212 quaestionis.
810 5136 974 5194 Dedicabitur
981 5132 1232 5203 demnsaliqnando,

446 5249 506 5303 qnae
518 5233 598 5289 modo
616 5231 768 5288 fabricatur.
783 5229 861 5286 Modo
875 5228 947 5284 enirn
966 5224 1107 5280 lubricatur
1128 5223 1233 5289 demnas,

448 5325 474 5380 id
495 5333 537 5381 est
557 5322 685 5390 Ecclesia,
707 5332 797 5394 postea
820 5319 994 5376 dedicabitur.
1020 5316 1049 5370 ln
1070 5314 1236 5371 dedicatione

448 5417 584 5486 apparebit
605 5415 688 5487 gloria
712 5414 800 5484 populi
821 5410 968 5475 christiani,
990 5424 1049 5480 quae
1065 5406 1143 5462 modo
1160 5406 1234 5461 latet.

450 5509 566 5579 Sauriam
580 5505 658 5561 arado
671 5504 788 5571 inimici,
802 5503 959 5568 buruilieat,
977 5500 1072 5556 iaciant
1084 5512 1140 5573 non¹
1156 5495 1235 5567 quid-

450 5597 512 5670 quid
526 5600 627 5659 uolunt,
641 5595 687 5653 scd
700 5593 826 5664 quidquid
846 5593 960 5662 desuper
970 5592 1164 5661 permittuntur.
1178 5584 1235 5642 Nan

452 5693 525 5749 enim
538 5686 664 5760 quidquid
688 5686 758 5756 passi
778 5683 812 5738 ab
833 5684 946 5739 lnirnicis
969 5682 1106 5747 fuerimus,
1122 5678 1237 5734 inimicis

452 5780 631 5854 deputandam
647 5787 697 5840 est,
714 5786 740 5830 ct
752 5791 805 5830 ann
819 5774 931 5828 Domino
944 5772 997 5827 Deo
1008 5781 1111 5827 nostro.
1126 5768 1237 5838 Quaado

452 5873 562 5947 quidem
581 5871 608 5926 in
622 5869 680 5940 ipso
692 5883 740 5924 suo
758 5865 880 5936 exenrplo
890 5862 1020 5918 mediator
1033 5859 1236 5926 demonstravit,

485 6041 998 6124 unuaneaassmmmmmmu.
1083 6121 1085 6129 Ι

1273 1674 1296 1718 et
1306 1674 1362 1728 rur,
1375 1666 1403 1730 l,
1415 1664 1486 1734 erc).
1499 1665 1540 1720 nd
1555 1665 1737 1735 probationem
1750 1675 1837 1721 autem
1857 1668 2004 1737 permissus
2016 1678 2061 1726 est

1273 1757 1393 1813 diabolas
1412 1757 1438 1811 in
1451 1756 1501 1813 lob
1515 1758 1524 1829 (
1538 1756 1589 1811 dol
1610 1774 1629 1824 r,
1645 1756 1689 1828 lb)
1705 1758 1850 1827 :probatus
1862 1770 1904 1815 est
1914 1759 1975 1829 iob,
1992 1777 2060 1817 eoa·

1273 1845 1347 1902 lusus
1361 1853 1402 1902 est
1418 1846 1547 1904 diabolus.
1566 1847 1606 1902 dd
1628 1862 1753 1903 eoronam
1768 1865 1830 1905 vero
1851 1850 1973 1920 permissi
1994 1862 2061 1910 sunt

1274 1950 1456 2030 persecutores
1480 1942 1506 1997 in
1534 1950 1662 2013 martyres
1689 1942 1800 1998 :occisi
1821 1953 1882 1998 suut
1905 1956 2059 2018 martyres,

1273 2033 1347 2104 quasi
1359 2033 1452 2089 uicisse
1464 2048 1493 2089 se
1502 2034 1620 2088 arbitrati
1628 2044 1689 2089 sunt
1698 2042 1897 2104 persecutorem
1911 2037 1950 2093 illi
1964 2038 1990 2094 in
2001 2054 2061 2095 rus·

1273 2124 1369 2182 alleato
1378 2126 1443 2181 laiso
1453 2126 1654 2195 triumpharunt,
1663 2126 1700 2182 illi
1711 2127 1737 2182 in
1749 2128 1852 2184 occulto
1865 2144 1926 2185 vere
1939 2134 2062 2190 coronati

1273 2228 1346 2276 sunt.
1360 2219 1431 2291 Ergo
1446 2221 1471 2275 in
1484 2237 1561 2292 quern
1574 2223 1745 2294 permittitur,
1758 2223 1869 2279 occultae
1881 2223 2060 2294 dispensatio·

1275 2312 1316 2366 nis
1329 2321 1370 2368 est
1382 2312 1553 2383 providentiae
1565 2314 1611 2369 bei
1624 2333 1630 2369 :
1644 2322 1674 2370 ut
1685 2324 1773 2372 autern
1784 2316 1850 2382 uelit
1860 2331 1967 2379 necere,
1976 2318 2062 2387 ipsius

1275 2401 1388 2460 bominis
1401 2410 1458 2469 est;
1472 2418 1524 2459 non
1538 2405 1609 2460 enim
1624 2405 1751 2461 continuo
1761 2392 1839 2477 quem
1849 2407 1905 2461 rult
1914 2407 2023 2463 occidit.

1310 2493 1337 2550 7.
1357 2493 1447 2565 ltaque
1466 2495 1523 2566 ipse
1538 2496 1663 2551 Dominus
1674 2496 1756 2567 judex
1769 2498 1888 2552 uirorum
1899 2505 1928 2552 'et
1941 2507 2064 2553 mortuo·

1276 2601 1346 2650 rum,
1367 2597 1440 2641 stans
1461 2595 1521 2642 ante
1540 2586 1676 2644 bominem
1695 2587 1821 2658 judicem,
1843 2588 1965 2659 praebens
1984 2588 2063 2644 nobis

1276 2678 1429 2734 humilitatis
1442 2687 1469 2734 et
1480 2679 1611 2750 patientiae
1625 2681 1821 2748 documentum,
1836 2697 1888 2738 non
1902 2683 1997 2748 rictus,
2013 2681 2061 2739 sed

1277 2770 1354 2826 militi
1368 2770 1501 2841 pugnandi
1520 2773 1670 2841 exemplum
1685 2773 1880 2839 demonstrans,
1894 2774 2006 2829 minarrti
2018 2774 2063 2844 jo·

1276 2860 1348 2927 dici,
1366 2860 1476 2916 tumenti
1489 2862 1632 2931 superbia,
1647 2871 1674 2918 et
1688 2864 1803 2928 dicenti,
1819 2863 1906 2919 Nereis
1918 2865 1978 2936 quia
1992 2873 2063 2935 pote·

1276 2960 1365 3008 statem
1376 2951 1454 3007 babeo
1463 2952 1604 3009 dimittendi
1613 2962 1637 3008 et
1645 2955 1774 3009 occidendi
1784 2955 1828 3010 tel
1837 2956 1943 3010 abstulit
1951 2955 2063 3027 typbunt

1278 3042 1403 3106 inderetis.
1418 3053 1445 3100 et
1465 3052 1588 3116 tauquam
1601 3046 1713 3102 reddens
1726 3046 1933 3102 exsufflationem
1948 3047 2063 3118 quade-

1279 3128 1446 3201 tumesceret',
1471 3134 1533 3190 Non
1555 3136 1665 3203 laninas,
1685 3138 1777 3207 inquit,
1799 3138 1826 3192 iu
1850 3155 1889 3193 me
1906 3148 2063 3208 potestaten,

1278 3227 1326 3281 nisi
1340 3225 1400 3281 deta
1410 3227 1454 3281 libi
1469 3238 1529 3282 essu
1543 3227 1649 3297 desuper
1663 3227 1749 3298 (daun.
1760 3245 1815 3295 xrs,
1827 3229 1871 3294 lb,
1885 3230 1940 3299 ll).
1954 3230 1987 3285 m
2012 3230 2065 3286 tab

1279 3319 1388 3387 (nempe
1406 3317 1527 3372 diabolas
1548 3318 1643 3373 oceidit
1667 3318 1735 3373 illins
1756 3319 1848 3388 ipsius,
1863 3319 1980 3376 diabolus
2002 3321 2064 3377 eratis

1278 3423 1384 3465 omnem
1398 3409 1571 3466 substantiam
1583 3407 1685 3483 ipsius),
1696 3420 1723 3466 et
1738 3411 1779 3466 illc
1793 3411 1874 3482 cquid?
1886 3411 2066 3470 Danriuusde·

1279 3500 1334 3565 dte,
1348 3500 1471 3556 Dominus
1485 3502 1585 3556 abstulit
1595 3517 1607 3566 ,ι
1619 3503 1682 3556 sicut
1696 3483 1803 3557 Dorsaiuo
1816 3505 1908 3574 placuit
1921 3506 1957 3558 ila
1969 3511 2066 3574 factum

1278 3603 1325 3657 est,
1344 3594 1375 3662 sit
1396 3610 1485 3648 norrea
1510 3594 1611 3647 Domini
1632 3594 1785 3649 benecdictum
1801 3595 1874 3670 (dab
1892 3610 1909 3660 t,
1933 3597 1989 3670 il).
2005 3598 2066 3657 uon

1280 3683 1422 3754 triumplret
1436 3684 1566 3750 inimicas,
1580 3685 1640 3754 quia
1655 3685 1710 3755 ipse
1723 3685 1784 3740 iecit
1798 3704 1805 3740 :
1820 3686 1885 3742 Νιιιι
1895 3702 1955 3757 ego,
1967 3689 2066 3760 inquit,

1279 3788 1295 3828 a
1314 3788 1367 3844 que
1388 3774 1422 3827 sit
1436 3773 1596 3844 permissus;
1617 3774 1721 3828 diabalo
1742 3775 1870 3831 tribuatur
1886 3778 1996 3832 uincendi
2016 3794 2067 3835 ro·

1281 3865 1384 3931 tuntas,
1402 3864 1513 3919 Doctrina
1528 3880 1588 3920 meo
1606 3865 1734 3934 probandi
1748 3875 1872 3936 potestas.
1896 3866 1923 3922 ln
1939 3869 1996 3938 ipso
2010 3869 2068 3925 uui-

1280 3972 1344 4012 nere
1356 3955 1474 4023 corporis
1488 3955 1589 4010 accedit
1604 3972 1669 4011 uxor
1687 3957 1798 4025 relicta,
1811 3958 1879 4012 sieut
1895 3959 1966 4025 Era,
1988 3958 2066 4032 adjer-

1281 4048 1332 4102 trix
1343 4047 1451 4114 diaboli,
1461 4048 1514 4102 nari
1523 4048 1683 4103 consolatrix
1696 4049 1796 4114 mariti;
1812 4057 1902 4115 tentat,
1915 4059 1941 4105 et
1948 4049 2013 4106 dicit
2023 4051 2067 4106 in·

1282 4150 1321 4195 ter
1333 4142 1428 4196 multas
1436 4141 1628 4220 increpationes
1638 4158 1644 4193 :
1656 4140 1704 4194 Dic
1713 4140 1815 4213 aliquod
1828 4142 1961 4196 cadumin
1973 4141 2065 4209 Deum,

1281 4242 1304 4287 et
1315 4248 1409 4286 morere
1424 4229 1478 4304 (ld.
1493 4247 1522 4297 u,
1535 4230 1574 4302 9).
1590 4231 1624 4285 Et
1635 4232 1678 4286 ille
1688 4232 1768 4287 idam
1781 4233 1807 4288 in
1821 4243 1937 4289 stercore
1950 4237 2065 4305 catrtior,

1281 4339 1359 4394 quam
1368 4322 1486 4378 eidemin
1495 4322 1788 4393 paradtsmnarnttdam
1796 4326 1820 4377 ln
1828 4323 1949 4393 paradiso
1957 4339 2072 4381 censere·

1282 4416 1317 4470 sit
1330 4414 1444 4479 mulieri,
1456 4423 1484 4469 ut
1496 4414 1529 4469 de
1542 4414 1661 4483 paradiso
1671 4414 1849 4480 emittereurr3
1866 4415 1948 4470 Adam
1958 4418 1983 4471 in
1998 4427 2067 4474 ster-

1283 4521 1344 4561 cnre
1359 4506 1458 4575 respuit
1472 4505 1618 4572 mulierem,
1629 4505 1696 4560 utad
1711 4505 1859 4575 paradisum
1871 4507 2066 4564 admitteretur.

1283 4594 1350 4662 Quid
1363 4594 1567 4664 ergnilleildam
1582 4595 1607 4648 in
1621 4604 1744 4656 stercore,
1756 4597 1902 4665 parturiens
1911 4597 2074 4657 immortali.

1284 4685 2068 4760 tatcmintrinsccus,vermibnsduesccnsextrirrsecus,qrrid

1283 4775 1321 4830 all
1332 4773 1451 4830 mulieri?
1462 4772 1591 4846 Tanqrmm
1601 4792 1650 4828 una
1658 4791 1688 4830 ea
1696 4776 1868 4845 insipientibus
1876 4778 2021 4834 nrulierr'bue
2029 4781 2067 4835 lo·

1284 4877 1341 4923 ruta
1354 4885 1389 4922 es.
1403 4867 1434 4922 Si
1448 4868 1511 4922 barra
1522 4868 1674 4937 percepimus
1686 4870 1717 4922 cle
1727 4885 1802 4922 marru
1814 4867 1924 4934 Domini,
1940 4873 2068 4928 armenon

1284 4954 1457 5016 sustinebimus
1481 4959 1490 5030 (
1506 4958 1585 5024 leta,
1603 4960 1666 5030 tuit
1681 4960 1775 5015 lienum
1790 4970 1817 5016 ct
1828 4961 1872 5016 illc
1886 4977 1992 5017 ramnum
2014 4963 2067 5019 Do·

1286 5051 1349 5108 mirri
1369 5051 1436 5107 dixit
1458 5050 1483 5105 in
1504 5044 1543 5112 sd,
1566 5050 1636 5120 quod
1660 5066 1719 5106 eum
1742 5050 1862 5106 diabolus
1882 5064 2068 5122 percusserats

1285 5144 1344 5215 qnia
1369 5157 1420 5198 nan
1442 5141 1594 5198 attendebat
1623 5142 1682 5212 quis
1697 5151 1852 5212 percuteret.
1873 5144 1990 5212 sedquis
2006 5158 2069 5217 per·

1286 5236 1410 5291 mitteret.
1432 5233 1551 5302 Namque
1583 5232 1687 5301 etipse
1712 5232 1831 5287 diabolas
1855 5235 1975 5290 earrrdcm
1994 5244 2070 5305 pote·

1286 5335 1390 5391 statem,
1403 5339 1480 5394 quam
1490 5323 1539 5379 sibi
1551 5322 1654 5379 uolebat
1665 5322 1843 5388 dari‚manum
1859 5323 1962 5378 bornini
1975 5326 2070 5396 appel.

1287 5416 1350 5472 lauit
1365 5429 1447 5471 :uam
1459 5413 1588 5482 objiciens
1602 5411 1700 5468 crimen
1719 5413 1791 5482 justo
1805 5415 1871 5475 niro,
1883 5414 1924 5468 cni
1942 5415 2071 5472 borrrrmrs

1288 5506 1442 5578 perhibebat
1455 5504 1644 5568 testimonium,
1657 5505 1694 5558 ait
1707 5505 1761 5559 Deo
1773 5523 1780 5559 ι
1793 5503 1922 5575 Nurrrquid
1931 5507 2010 5576 gratis
2021 5505 2071 5561 dod

1288 5599 1347 5653 colit
1362 5595 1518 5651 Dominum?
1536 5611 1618 5649 nortae
1631 5606 1657 5648 tu
1671 5595 1770 5649 vallasti
1783 5612 1837 5649 eum
1851 5612 1880 5648 ac
1894 5595 1994 5650 dentum
2004 5597 2070 5668 ejus,

1290 5689 1475 5757 urrieasemque
1485 5685 1646 5740 subeuntium
1658 5687 1712 5754 ejus
1725 5702 1768 5755 per
1782 5686 1934 5740 circuitum?
1947 5685 2073 5754 Operibus

1290 5774 1407 5834 mensum
1427 5779 1480 5846 ejus
1503 5775 1658 5840 benedixisti,
1682 5777 1848 5845 supersessis
1872 5778 1926 5847 ejus
1946 5779 2021 5831 creuit
2044 5777 2074 5833 irs

1291 5883 1357 5926 terra
1377 5886 1387 5925 .·
1406 5879 1476 5924 tanto
1489 5868 1553 5923 ioan
1575 5868 1613 5923 illi
1627 5868 1725 5934 dedisti,
1749 5879 1878 5939 propinus
1895 5879 1919 5924 te
1935 5870 2014 5937 colitp
2028 5870 2074 5927 ted

1325 6050 1332 6081 ¹
1346 6045 1438 6111 aunon
1447 6051 1509 6107 tiss,
1521 6043 1686 6097 dmtortstrauis
1697 6039 1771 6106 nadis,
1783 6043 1884 6109 desuper
1892 6044 2006 6104 nemu.
