5025 6925
493 697 540 749 ott

494 810 572 861 tinent
585 801 629 873 qui
642 806 682 854 est
694 793 814 851 cbristus
824 789 909 844 iesus.
926 788 989 856 Qua
1007 786 1059 839 sint
1074 783 1160 853 itaque
1177 781 1274 835 transi-

496 896 592 957 lienda,
606 900 634 946 ut
643 890 675 944 ad
691 888 764 943 illum
778 884 857 939 linctu
868 880 1005 954 pervenire
1017 878 1156 948 possimus,
1168 872 1210 928 ιιιιι
1222 872 1276 942 jani

495 986 563 1058 quod
586 979 764 1040 transiliamus
788 990 840 1030 non
866 969 1019 1026 habebimus
1033 968 1053 1032 ¹,
1074 964 1170 1020 Psalmi
1190 972 1284 1026 tentus¹

499 1081 555 1149 ipse
570 1073 745 1129 demonstrat.
760 1064 865 1123 Etenim
882 1059 982 1146 tamdiu
1000 1054 1130 1113 transilire
1151 1052 1284 1122 debemus

499 1162 624 1239 quidquid
634 1175 683 1217 nos
693 1157 812 1229 impedit,
825 1150 950 1226 quidquid
963 1148 1060 1215 irretit,
1068 1143 1195 1226 ¹quidquid
1208 1144 1279 1197 visco

499 1255 613 1327 quodam
628 1251 726 1323 illigat,
740 1257 767 1304 et
777 1259 859 1304 onere
870 1248 994 1314 aggravat
1008 1239 1122 1293 rolatum
1142 1242 1279 1328 nostrum,

499 1348 583 1403 donee
601 1341 786 1416 perveniamus
807 1336 839 1393 ad
861 1334 887 1389 id
908 1330 979 1405 quod
996 1328 1109 1403 sufficit,
1124 1326 1191 1380 ultra
1211 1321 1281 1416 quod

500 1436 565 1492 nibil
575 1443 626 1500 est,
642 1431 710 1488 inira
724 1428 794 1501 quod
810 1434 873 1482 sunt
885 1424 985 1487 omnia,
1000 1430 1026 1475 et
1038 1433 1072 1474 er
1085 1430 1137 1487 quo
1151 1424 1212 1470 sunt
1223 1428 1282 1468 om·

499 1532 552 1586 nia.
564 1528 668 1585 Patrem
685 1524 780 1595 quippe
799 1521 885 1590 ipsum
899 1514 1005 1570 solebat
1020 1510 1154 1582 Philippus
1172 1506 1283 1569 intueri,

458 1590 463 1605 ’
499 1594 1283 1675 eiuratanostropromisso,ostentationem,

501 1721 524 1765 et
544 1707 635 1779 suffitu
649 1703 739 1767 nobir;
762 1711 885 1768 tauquam
906 1692 1005 1749 tamdiu
1027 1690 1064 1746 illi
1088 1684 1285 1743 transiliendum

501 1809 573 1857 esset
600 1793 728 1869 quidquid
752 1790 824 1847 aliud
849 1796 938 1853 esset,
965 1784 1050 1839 donee
1077 1781 1228 1852 perueniret
1251 1777 1285 1832 ad

502 1891 624 1954 Patrem,
638 1886 680 1942 nbi
695 1885 750 1954 jam
766 1893 874 1936 securus
888 1876 1025 1933 assisteret
1038 1913 1046 1939 ,
1061 1881 1089 1927 et
1101 1869 1163 1941 quid
1176 1868 1200 1924 ei
1216 1868 1286 1923 ultra

504 1976 687 2051 requirendum
696 1981 768 2030 esset
779 1968 945 2026 nonbaberet
955 1983 962 2019 ε
972 1967 1021 2020 boe
1032 1970 1073 2019 est
1081 1961 1163 2025 enim,
1178 1958 1286 2030 Sufficit.

504 2070 602 2126 terum
611 2067 656 2122 ille
670 2065 714 2136 qui
727 2061 865 2119 verissime
877 2057 990 2119 dixerat,
1007 2052 1063 2125 Epo
1077 2062 1101 2106 et
1115 2049 1194 2105 Pater
1212 2064 1290 2103 ununt

391 2209 394 2214 .
505 2155 686 2227 sumurploon.
700 2169 727 2217 x,
740 2150 796 2221 bb).
818 2143 953 2203 admonuit
973 2142 1135 2211 Philippum,
1148 2137 1290 2207 docuitque

506 2263 612 2307 omnem
628 2245 763 2302 bominem
777 2240 821 2312 qui
835 2237 969 2296 Christum
985 2232 1155 2303 intelligeret,
1168 2228 1248 2285 etiarn
1261 2227 1289 2282 in

504 2358 537 2399 co
545 2342 642 2397 babere
654 2339 744 2399 irnetn,
752 2333 813 2406 quia
824 2332 881 2402 ipse
889 2338 917 2385 et
926 2328 1005 2383 Pater
1014 2339 1096 2381 unuin
1108 2331 1186 2377 sunt:
1198 2319 1290 2387 Tanto,

505 2434 600 2505 iuquit,
614 2439 724 2501 tempore
736 2425 861 2481 milicem
873 2437 940 2484 rum,
951 2428 974 2472 ct
988 2433 1038 2471 non
1049 2414 1146 2471 uidistis
1154 2412 1217 2467 nte?
1229 2410 1292 2465 Piri·

506 2528 583 2597 lippe,
605 2524 647 2592 qui
669 2537 709 2575 me
728 2518 806 2580 ridet,
827 2514 893 2569 ridet
910 2522 933 2566 et
954 2510 1059 2565 Patrem
1071 2505 1128 2579 (ld.
1142 2521 1196 2570 xtr,
1212 2504 1237 2567 8.
1249 2503 1290 2573 9).

506 2616 632 2686 Quisquis
644 2626 708 2684 erqo
720 2608 815 2683 psalmi
828 2606 906 2675 buius
915 2603 1051 2659 animum¹
1061 2599 1170 2665 sentire,
1185 2596 1290 2661 imitari,

511 2718 601 2763 tenere
625 2702 701 2769 mu,
729 2697 818 2755 omnia
843 2694 975 2752 desideria
998 2690 1113 2749 earnalia
1141 2687 1291 2754 transiliat,

508 2794 651 2863 mentique
663 2790 742 2860 bujns
754 2800 877 2859 pompam
889 2794 917 2840 et
929 2782 1080 2839 illecebram
1090 2780 1174 2835 calcet
1186 2820 1194 2845 ‚
1208 2776 1289 2833 nitrii-

507 2897 559 2958 que
572 2883 621 2940 sibi
632 2882 703 2938 aliud
715 2887 846 2950 proponat
857 2875 901 2931 ubi
911 2874 1047 2938 censistit,
1059 2872 1110 2927 nisi
1122 2886 1155 2927 ex
1165 2882 1219 2941 quo
1231 2876 1294 2923 sunt

508 2979 595 3032 anania
610 2974 659 3034 :ln
673 2972 768 3043 quibus
781 2966 905 3024 omnibus
921 2964 1002 3021 etiam
1015 2963 1072 3034 lpse
1092 2960 1193 3030 laborat
1208 2958 1294 3014 donee

508 3065 541 3119 ad
554 3064 632 3119 llnern
645 3059 788 3133 perteniat.
802 3054 871 3123 Quid
882 3052 962 3112 nobis
973 3065 1036 3124 ergo
1050 3048 1147 3105 indicat
1157 3047 1207 3104 iste
1218 3058 1293 3102 tran·

511 3152 623 3212 sitiens?

544 3247 572 3300 ι.
587 3242 662 3317 [uero.
678 3240 726 3315 9.]
743 3238 809 3294 i'ooe
826 3254 896 3303 ntea,
909 3234 1007 3308 inquit,
1026 3231 1060 3286 nd
1072 3230 1207 3286 boninum
1217 3230 1229 3263 ⁸
1240 3229 1295 3285 elo-

511 3338 587 3393 rnooi.
597 3334 650 3393 Sed
663 3334 738 3389 multi
748 3332 865 3388 clamant
878 3327 912 3384 ad
927 3326 1069 3383 bontinum
1081 3339 1131 3397 pro
1142 3321 1241 3379 divitiis
1254 3335 1295 3377 ae·

510 3426 644 3502 qrrirendis
654 3422 810 3495 damnisque
828 3418 996 3482 devitandis,
1010 3432 1058 3487 pro
1070 3430 1178 3471 suorum
1191 3412 1294 3482 saluto,

511 3535 560 3592 pro
572 3515 715 3573 stabilitate
727 3513 823 3568 domus
840 3527 907 3576 suae,
929 3524 976 3580 pro
995 3507 1118 3563 iclieitate
1135 3505 1295 3576 temporali,

511 3624 560 3680 pro
573 3608 700 3678 dignitate
719 3602 856 3663 seeul:rri;
872 3609 1007 3668 postremo
1019 3612 1068 3667 pro
1084 3595 1139 3665 ipsa
1152 3595 1232 3650 etiam
1249 3609 1306 3650 sa·-

511 3698 567 3756 lute
578 3695 711 3766 eorporis,
726 3707 786 3764 qnae
797 3688 982 3760 patrimonium
993 3694 1034 3742 est
1047 3686 1179 3757 pauperis.
1191 3684 1244 3741 Pro
1255 3685 1297 3741 bis

512 3804 593 3862 atque
604 3785 754 3859 hujusmodi
774 3783 852 3839 rebus
863 3779 937 3836 multi
952 3779 1068 3834 elamant
1082 3777 1114 3832 ad
1131 3776 1272 3832 Dominum
1288 3793 1296 3840 ;

513 3882 558 3938 vix
570 3878 708 3951 quisquam
722 3883 830 3945 propter
841 3872 926 3943 ipsum
938 3868 1088 3925 bominum.
1099 3866 1188 3923 Fneile
1199 3866 1298 3937 quiippe

515 3970 616 4029 ltoxnini
627 3978 669 4025 est
681 3964 816 4038 quodlibet
830 3959 983 4018 desiderare
996 3973 1012 4013 a
1028 3956 1155 4023 Domino,
1170 3966 1196 4012 et
1211 3957 1297 4026 ipsum

442 4100 447 4110 -
515 4062 654 4120 bominum
675 4073 727 4112 non
746 4054 918 4117 desiderare;
936 4049 1094 4121 quasivero
1115 4049 1222 4103 suavius
1237 4063 1298 4104 csse

516 4155 598 4226 possit
616 4128 686 4222 quod
705 4147 759 4209 dat,
782 4159 860 4215 qrram
880 4144 937 4214 ipse
959 4141 1003 4206 qui
1020 4140 1075 4196 dat.
1090 4139 1214 4210 Quisquis
1235 4155 1299 4209 erqo

518 4259 566 4316 pro
580 4243 674 4297 aliare
687 4236 802 4308 qualibet
811 4236 909 4290 elamat
919 4232 953 4288 ad
966 4231 1117 4295 Dominum,
1129 4229 1244 4284 nondum
1257 4239 1299 4284 est

518 4335 675 4391 transiliens.
692 4331 739 4386 llle
751 4344 816 4384 tero
829 4327 979 4383 transiliens
992 4325 1056 4396 quid
1069 4325 1154 4380 dicitl
1171 4323 1236 4378 Voce
1245 4340 1301 4378 meo

519 4426 553 4480 ad
566 4424 704 4479 Dominum
721 4419 837 4476 clamori.
851 4419 884 4474 lit
904 4432 938 4474 ne
958 4416 1093 4473 arbitreris
1106 4431 1198 4471 rocem
1218 4416 1301 4485 ipsius

517 4531 568 4588 qua
589 4513 711 4570 clamavit
730 4511 763 4566 ad
785 4509 936 4573 bominum,
953 4517 1061 4578 propter
1082 4505 1154 4561 aliud
1174 4507 1301 4562 omissam

517 4622 596 4678 quam
610 4611 717 4677 propter
731 4602 817 4672 ipsum
831 4600 988 4662 bominum,
1009 4606 1115 4652 secutus
1126 4597 1182 4651 aits
1198 4595 1231 4651 Et
1252 4612 1301 4652 oon

521 4715 578 4754 mett
589 4697 625 4751 ιιι
635 4694 726 4750 Deunt.
743 4693 878 4748 limittitur
890 4690 961 4745 enirn
980 4703 1029 4744 uox
1044 4703 1094 4759 qna
1111 4689 1255 4744 clntnernns
1268 4687 1300 4743 ιιι

521 4792 620 4854 berum,
633 4797 661 4842 et
681 4787 738 4857 ipsa
752 4799 802 4839 rox
822 4782 856 4837 ad
873 4781 944 4837 alind
960 4792 1011 4844 cst,
1030 4796 1083 4835 non
1104 4781 1137 4836 ad
1156 4780 1248 4834 Derim.
1263 4780 1301 4834 ιιι

521 4883 572 4938 boe
585 4881 655 4937 enim
667 4888 709 4934 est
722 4889 783 4941 vox,
800 4873 989 4946 propterquod
1002 4873 1088 4928 editur
1098 4889 1159 4929 rox.
1176 4873 1227 4928 iste
1239 4887 1303 4927 sero

523 4975 569 5043 qui
585 4972 666 5027 [lenm
678 4967 762 5039 gratis
776 4965 892 5032 amabat,
913 4966 956 5034 qui
973 4964 1121 5019 voluntarie
1137 4964 1191 5019 beo
1203 4963 1304 5018 saeril-

521 5061 598 5116 cabat
618 5058 702 5129 (Psoi.
716 5073 771 5123 tut,
785 5055 824 5127 8),
847 5055 892 5125 qui
916 5054 1076 5110 transilierat
1094 5053 1221 5125 quidquid
1236 5054 1303 5109 inira

522 5161 574 5212 est,
589 5150 707 5220 niltilque
722 5147 794 5203 aliud
814 5160 893 5215 supra
915 5159 945 5200 re
964 5142 1139 5214 videratque
1158 5143 1305 5200 effunderet

521 5240 637 5294 animam
652 5253 744 5302 suam,
758 5236 808 5293 nisi
831 5251 865 5292 ex
877 5249 948 5305 quo,
962 5241 990 5290 et
1002 5248 1051 5305 per
1065 5250 1159 5305 quem,
1172 5243 1200 5290 et
1214 5235 1240 5289 in
1251 5249 1305 5305 quo

521 5340 626 5387 exertus
640 5339 707 5395 erat,
718 5328 752 5386 ad
764 5343 844 5400 quem
856 5327 1018 5384 clamaverat
1031 5341 1099 5383 roee
1112 5341 1170 5390 sua,
1183 5325 1216 5382 ad
1230 5326 1304 5381 ilium

521 5436 582 5478 esse
596 5420 696 5476 iecerat
704 5419 788 5488 ipsam
798 5432 891 5474 vocem
905 5431 979 5472 suant
993 5434 1000 5471 :
1020 5415 1078 5472 i'or
1090 5432 1155 5481 meo,
1165 5416 1260 5488 inquit,
1270 5414 1305 5470 od

523 5513 616 5568 uun.
630 5509 666 5573 iit
687 5508 813 5578 numquid
829 5494 888 5564 sine
899 5508 998 5564 causat
1012 5505 1077 5564 llide
1090 5506 1152 5579 quid
1165 5508 1304 5579 sequitnrr

525 5596 842 5658 tentamentorum
857 5605 919 5654 tone
934 5597 980 5654 tibi
999 5597 1127 5664 attendit,
1147 5596 1253 5668 quando
1264 5599 1305 5671 ip·

522 5709 582 5752 sum
604 5688 719 5764 quaeris,
741 5700 794 5742 non
813 5686 918 5757 quando
940 5703 988 5754 per
1009 5685 1095 5758 ipsum
1107 5686 1178 5742 aliud
1194 5688 1303 5758 quaeris.

524 5786 627 5843 lliotunt
639 5792 680 5839 tat
692 5778 727 5836 de
735 5776 892 5850 quibusdam
905 5795 912 5832 ε
926 5777 1119 5847 dinumerant,
1138 5796 1183 5835 nec
1195 5790 1250 5835 erut
1263 5778 1306 5853 qui

555 5973 676 6022 tetram.
686 5983 716 6044 et
726 5979 779 6022 um.
791 5975 861 6020 turs.
877 5975 974 6029 ettam,
987 5968 1106 6021 ιιιιιιιιιιι.

555 6040 640 6092 ¹uss.‚
651 6047 764 6084 ιιιιιιιιιι.

555 6096 669 6161 ⁸ttiquot
680 6103 742 6157 ux,
757 6103 839 6144 ιιιιιι.

1103 672 1132 728 S.
1154 667 1334 726 :tuubsttrtt
1355 668 1503 723 uniscunt

2060 662 2115 719 sta

1331 780 1413 835 roloor
1426 783 1536 851 immet,
1553 780 1587 834 od
1599 779 1748 842 florianum,
1765 796 1808 834 nee
1821 779 1950 836 erardiait
1965 794 2007 834 eor
2025 776 2116 848 (erat

1332 889 1394 937 xvir,
1405 872 1464 942 ιι).
1476 872 1586 940 Quare?
1598 872 1664 940 Quia
1679 886 1728 927 uox
1743 887 1835 927 eorum
1849 887 1900 927 non
1912 872 1945 926 ad
1960 871 2118 927 bominum.

1332 965 1462 1035 Exprimit
1473 964 1524 1020 boc
1536 964 1589 1019 alio
1600 963 1658 1019 loeo
1667 963 1811 1033 Scriptura,
1826 962 1868 1018 ubi
1879 962 1945 1019 dicit
1953 962 1988 1018 de
2003 961 2118 1018 talibus:

1332 1053 1469 1109 Dominum
1494 1071 1545 1109 iton
1567 1054 1750 1108 inoocooerunt.
1765 1053 1805 1108 Ati
1826 1052 1899 1108 illurn
1921 1053 2042 1108 clamare
2067 1068 2121 1111 nou

1333 1153 1504 1200 cessaverunt
1516 1135 1530 1208 ;'
1547 1153 1574 1199 et
1599 1153 1685 1204 tamen
1708 1142 1844 1197 Dominum
1862 1160 1911 1198 non
1930 1143 2122 1202 inuocauerunt.

1333 1235 1402 1304 Quid
1415 1246 1466 1303 est,
1482 1235 1618 1290 Dominum
1629 1251 1680 1289 non
1692 1235 1886 1290 invocaberunt?
1897 1234 2041 1289 Dominum
2056 1235 2083 1290 iu
2094 1249 2124 1293 ae

1334 1341 1387 1382 uon
1401 1333 1579 1383 rocaverunt:
1595 1325 1628 1381 ιιι
1643 1309 1776 1381 corsuum
1791 1311 1933 1380 'moinum
1953 1341 2011 1380 nou
2026 1325 2122 1380 inrita·

1335 1424 1429 1472 rerunt
1439 1433 1447 1481 ;
1458 1431 1473 1471 a
1485 1415 1597 1471 Domino
1609 1430 1637 1471 sc
1650 1414 1761 1471 habitari
1775 1414 1925 1470 noluerunt.
1936 1415 1969 1469 tn
1981 1414 2047 1471 ideo
2059 1414 2122 1487 quid

1335 1514 1375 1565 eis
1387 1509 1516 1580 contigit?
1530 1507 1544 1562 i
1548 1509 1571 1562 bi
1590 1508 1776 1579 trepidaverunt
1789 1508 1888 1575 timore,
1902 1507 1945 1562 ubi
1957 1525 2010 1563 non
2025 1519 2081 1563 erat
2092 1509 2125 1561 ti·

1340 1619 1394 1656 mor
1408 1600 1494 1673 (Prot.
1511 1616 1567 1666 ιιι,
1582 1601 1621 1669 5).
1636 1598 1697 1656 ideo
1711 1600 1743 1656 de
1755 1614 1842 1655 rerunt
1856 1600 2030 1670 presentium
2043 1601 2126 1655 amis·

1337 1692 1411 1748 sione
1423 1699 1596 1753 tremuerunt,
1610 1690 1732 1762 qnoniam
1743 1705 1796 1745 nun
1807 1698 1882 1745 erant
1896 1689 1969 1761 pleni
1987 1690 2035 1747 iilo
2046 1707 2126 1762 quem

1339 1797 1391 1836 non
1415 1782 1612 1837 inuocauerunt.
1626 1779 1683 1837 Non
1697 1780 1779 1851 gratis
1791 1790 1957 1846 amaverunt,
1975 1788 2007 1835 ut
2021 1780 2127 1836 arnissis

1340 1872 1527 1942 temporalibus
1558 1871 1638 1926 rebus
1659 1878 1769 1942 possent
1794 1870 1903 1927 dicere:
1921 1870 1996 1927 Sicut
2017 1868 2129 1924 Dormno

1341 1962 1449 2032 placuit,
1468 1961 1503 2015 itu
1515 1965 1611 2033 suetum
1625 1971 1661 2016 ert
1671 1979 1680 2027 ,·
1692 1962 1725 2017 rit
1737 1977 1827 2017 nonren
1850 1960 1953 2017 Domini
1968 1962 2128 2017 benedictam

1342 2052 1402 2126 (lob
1425 2069 1444 2119 ι,
1466 2051 1524 2125 st).
1544 2052 1613 2124 Erqo
1627 2052 1687 2117 iste,
1716 2052 1772 2107 i'oa
1786 2068 1852 2117 nico,
1869 2052 1966 2123 inquit,
1991 2053 2027 2106 mi
2041 2051 2130 2109 Domi·

1342 2160 1413 2207 num,
1426 2151 1450 2197 et
1459 2140 1565 2197 attendit
1574 2142 1645 2196 mibi.
1666 2142 1763 2198 boeeat
1778 2156 1827 2197 nos
1839 2142 1973 2213 quomodo
1986 2143 2015 2198 id
2029 2143 2085 2197 ilat.

1378 2234 1403 2289 5.
1416 2230 1538 2309 [nerei]
1555 2231 1588 2287 ln
1604 2232 1645 2287 die
1653 2232 1823 2287 tribulationis
1833 2249 1894 2288 meoe
1902 2232 1986 2288 Deum
1998 2234 2129 2305 exquisiti.

1343 2323 1407 2394 Quis
1420 2339 1462 2389 es,
1477 2323 1521 2394 qui
1536 2322 1587 2379 boc
1601 2320 1686 2378 incisi
1702 2323 1729 2377 ln
1741 2322 1785 2379 die
1800 2322 1978 2379 tribulationis
1993 2331 2057 2391 tuas,
2071 2324 2132 2380 ride

1342 2415 1406 2487 quid
1420 2416 1554 2486 exquiras.
1576 2414 1605 2472 Si
1629 2430 1720 2471 career
1740 2413 1803 2470 iacit
1828 2414 2039 2483 tribulationem,
2059 2416 2133 2472 exire

1343 2508 1377 2565 de
1397 2524 1504 2565 earcere
1519 2508 1636 2580 exquiris
1652 2528 1658 2563 :
1672 2509 1694 2563 si
1716 2508 1798 2566 lebris
1823 2507 1886 2565 iacit
1908 2510 2132 2577 tribulationem,

1344 2601 1485 2658 salsitatem
1500 2601 1619 2671 exquiris
1635 2618 1641 2654 :
1656 2602 1678 2655 si
1691 2601 1774 2655 sames
1787 2600 1849 2657 lacit
1862 2600 2078 2670 tribulationem,
2092 2618 2135 2659 sa·

1345 2692 1479 2747 turitatem
1495 2689 1613 2773 exquiris
1629 2708 1635 2744 :
1652 2691 1673 2746 si
1687 2690 1783 2746 dnntna
1797 2690 1895 2747 iaciunt
1905 2692 2133 2760 tribulationem,

1346 2783 1448 2838 lucrum
1459 2782 1577 2853 exquiris
1592 2800 1599 2837 :
1614 2784 1637 2837 si
1654 2784 1835 2855 peregrinatio
1848 2783 1911 2840 iacit
1922 2784 2134 2853 tribulationem,

1345 2872 1481 2928 civitatem
1504 2881 1555 2928 tuae
1567 2872 1655 2929 earnis
1669 2874 1796 2944 exquiris.
1812 2874 1847 2931 Et
1859 2876 1924 2946 quid
1948 2888 2049 2934 cuneta
2061 2895 2136 2935 oom-

1345 2978 1511 3032 memorem,
1527 2972 1574 3019 aut
1593 2965 1699 3035 quando
1725 2976 1821 3023 euncta
1835 2969 2069 3026 commemorem?
2090 2971 2136 3028 its

1345 3069 1405 3111 esse
1429 3052 1600 3112 tnnsuienst
1614 3054 1642 3111 ln
1668 3055 1711 3112 die
1725 3056 1900 3114 tribulationis
1921 3066 1974 3115 tua
1989 3061 2073 3116 neom
2086 3077 2135 3118 es·

1345 3148 1443 3221 quire:
1463 3163 1516 3205 uon
1538 3164 1585 3221 per
1605 3148 1689 3206 lleum
1712 3150 1808 3216 aliud,
1835 3151 1883 3206 sed
1904 3167 1939 3208 cx
1964 3153 2137 3212 tribulatione

1346 3239 1448 3308 Deum;
1461 3249 1491 3297 ut
1503 3240 1536 3297 ad
1558 3240 1610 3297 boc
1623 3240 1693 3298 Deus
1712 3251 1847 3298 removeat
1862 3241 2059 3300 tribulationem
2074 3284 2083 3312 ,
2105 3256 2137 3301 ut

1346 3346 1456 3390 seeurm
1469 3329 1599 3389 iubemus
1619 3331 1683 3389 Deo.
1694 3330 1728 3387 ln
1741 3331 1783 3387 die
1800 3331 2039 3407 tutaminum
2052 3333 2138 3389 ιιιιιιιι

1346 3422 1468 3496 exquisibi
1476 3439 1487 3481 :
1498 3438 1551 3480 non
1575 3422 1645 3479 aliud
1658 3421 1776 3494 aliquid,
1791 3424 1839 3479 sed
1854 3421 1938 3478 Deum
1950 3426 2085 3495 exquisiti.
2102 3425 2137 3482 Et

1347 3514 1481 3587 quomodo
1499 3514 1635 3586 exquisisti
1647 3513 1659 3569 l
1673 3513 1792 3569 lienibus
1812 3514 1873 3570 rneir
1897 3525 1971 3571 noete
1996 3533 2084 3571 corotn
2095 3535 2134 3572 eo.

1349 3607 1396 3663 llic
1409 3607 1459 3663 boc
1477 3623 1592 3664 rursus:
1608 3606 1754 3674 rideamus,
1777 3607 1973 3679 intelligamus,
1988 3610 2167 3691 iuniusw

1349 3702 1370 3753 si
1383 3715 1532 3770 possumus.
1545 3700 1572 3756 ln
1590 3699 1634 3756 die
1647 3698 1823 3755 tribulationis
1838 3709 1890 3756 tua
1903 3702 1967 3772 quid
1976 3702 2156 3775 exquisistis..

1353 3794 1441 3849 Dentur.
1458 3794 1596 3864 Quomodo
1614 3793 1771 3866 exquisisti?
1783 3793 1902 3849 lienibus
1925 3796 2001 3852 nteit.
2021 3794 2138 3869 Quando

1349 3886 1502 3958 exqtrisisti3
1517 3882 1608 3940 Nocte.
1626 3884 1674 3945 Ubi
1694 3883 1852 3955 exquisisti?
1875 3885 1973 3957 Coruino
1980 3900 2024 3943 u.
2037 3886 2070 3945 Bt
2080 3904 2136 3959 quo
2148 3928 2152 3934 ·

1349 3976 1435 4030 lructu
1458 3975 1620 4047 exquisisti?
1642 3973 1676 4030 Et
1705 3992 1755 4030 non
1787 3993 1843 4030 runt
1873 3968 2006 4049 ιιιιεριιιΙ
2040 3980 2136 4036 erria

1349 4081 1413 4136 erqo
1426 4066 1578 4131 rideamus,
1594 4065 1699 4130 iratres,
1713 4066 1800 4120 omnia
1819 4068 2033 4134 consideremus,
2046 4070 2135 4124 omnia

1352 4159 1562 4228 interrogemus3
1586 4166 1614 4212 et
1643 4156 1706 4228 quid
1719 4157 1754 4211 sit
1777 4156 1933 4223 tribulatio,
1955 4154 1987 4215 ιιι
2013 4175 2065 4231 qua
2089 4160 2137 4217 iste

1353 4252 1434 4306 Deum
1463 4249 1621 4320 exquisivit,
1646 4258 1673 4304 et
1707 4248 1769 4319 quid
1792 4249 1827 4304 sit
1854 4248 1977 4307 manibus
2004 4251 2138 4323 inquirere

1353 4344 1485 4408 temnet
1503 4341 1565 4411 quid
1588 4343 1623 4397 sit
1642 4351 1729 4407 rrocte,
1743 4350 1771 4396 et
1794 4341 1856 4412 qnid
1872 4341 1906 4396 sit
1919 4354 2013 4399 mxu
2029 4344 2078 4400 illo
2090 4364 2099 4401 r
2111 4354 2139 4402 ot

1351 4434 1479 4505 sequitur,
1503 4432 1572 4503 quod
1596 4447 1688 4489 omnes
1701 4431 1862 4502 intelligunt,
1876 4431 1973 4489 Etttu
1990 4450 2050 4490 rtur
2063 4436 2140 4491 dett·

1353 4535 1419 4594 ptus.
1445 4524 1513 4592 Quid
1533 4534 1573 4579 est
1597 4523 1679 4591 eninr,
1702 4523 1735 4578 lit
1756 4540 1806 4578 non
1821 4539 1877 4579 rum
1899 4525 2041 4599 dmm!
2060 4526 2139 4585 inre·

1353 4616 1379 4672 ui
1394 4614 1463 4686 quod
1477 4613 1638 4684 quaerebam.
1796 4604 1800 4611 ’

1388 4709 1415 4763 ι.
1429 4707 1576 4763 Tribulatio
1589 4722 1643 4761 non
1663 4706 1707 4761 illa
1727 4706 1769 4762 rel
1782 4706 1825 4762 illa
1851 4706 1993 4778 cogitanth
2013 4718 2069 4767 est.
2094 4709 2141 4767 Bt·

1358 4801 1428 4855 enim
1439 4798 1619 4868 unusquisqne
1629 4797 1746 4854 nondum
1762 4798 1922 4864 transiliens,
1932 4798 2052 4887 norxtlur
2066 4808 2190 4879 potatui

1355 4906 1414 4948 esse
1426 4890 1632 4954 tribulationem,
1655 4891 1705 4946 nisi
1718 4906 1778 4961 qum
1801 4891 1927 4948 acciderit
1941 4893 2004 4950 lrtrie
2015 4888 2082 4953 vita
2099 4906 2139 4955 'ex

1355 4983 1443 5054 aliquo
1456 4983 1523 5038 tristi
1538 4992 1657 5053 tempore
1674 4999 1681 5036 :
1693 4989 1720 5036 ιι
1735 4996 1798 5038 vero
1811 4981 1857 5038 ille
1871 4984 2035 5051 transiliens,
2049 4995 2139 5043 totam

1356 5076 1435 5131 vitam
1458 5075 1535 5131 istam
1563 5073 1758 5131 tribulationem
1774 5088 1849 5129 suant
1873 5085 1988 5145 reputat.
2011 5077 2140 5136 smarrito

1355 5173 1426 5222 amat
1438 5167 1549 5238 patriam
1562 5180 1714 5237 supernam,
1731 5173 1760 5222 ut
1772 5174 1877 5223 terrena
1890 5171 2071 5240 peregrinatio
2086 5174 2140 5245 ipsa

1357 5261 1393 5316 rit
1405 5260 1519 5316 maxima
1533 5259 1675 5315 tribulatio.
1689 5258 1829 5329 Quomodo
1842 5260 1914 5316 enim
1926 5276 1980 5317 non
1992 5263 2031 5320 sit
2051 5264 2137 5321 tribu·

1356 5350 1419 5407 latio
1431 5351 1483 5406 vita
1498 5353 1559 5416 ista,
1569 5364 1636 5422 rogo
1645 5350 1710 5406 rost
1721 5330 1855 5421 qu'omodo
1867 5365 1921 5407 non
1934 5352 1969 5408 sit
1984 5354 2141 5422 tribulatio,

1356 5458 1416 5515 quse
1427 5442 1498 5500 dieta
1512 5452 1555 5500 est
1568 5451 1623 5499 tota
1643 5442 1773 5499 reontio?
1791 5442 1879 5500 Habes
1892 5444 2022 5516 seriptum
2033 5447 2062 5504 in
2073 5448 2141 5504 libro

1357 5533 1424 5593 lob:
1439 5533 1572 5606 Numquid
1591 5549 1643 5588 non
1654 5533 1758 5588 ιιιιιιιι
1772 5543 1810 5590 eat
1820 5533 1871 5589 ritu
1882 5536 1997 5592 ιιιιιιιι
2006 5549 2142 5610 αρσια·

1360 5644 1416 5684 rum
1425 5626 1481 5701 (ld.
1490 5644 1515 5683 rr
1527 5670 1535 5694 ,
1546 5627 1721 5699 liliumquid
1733 5626 1816 5685 dixit:
1827 5629 1954 5687 Tentxtur
1965 5633 2021 5690 uita
2029 5634 2143 5692 bunut

1358 5719 1568 5790 superterram?
1583 5717 1641 5789 lpsa
1654 5719 1706 5774 tito
1715 5721 1819 5775 tentatio
1832 5731 1868 5775 est
1880 5737 1889 5777 t
1901 5723 1924 5777 si
1937 5737 2004 5795 erqo
2018 5729 2139 5793 tentatio,

1359 5810 1451 5881 utique
1474 5808 1619 5866 tribulatio.
1635 5808 1663 5865 ln
1678 5808 1728 5867 bae
1752 5811 1831 5882 iqitur
1845 5813 2025 5880 tribulatione,
2041 5816 2092 5874 boc
2104 5827 2144 5875 est

1360 5902 1387 5958 in
1402 5901 1451 5957 bae
1463 5901 1526 5965 rita,
1539 5901 1621 5957 ιιιιιιι
1632 5900 1774 5972 exquisivit
1786 5902 1836 5960 iste
1852 5905 2014 5963 transilieris.
2028 5908 2144 5978 οιοιιιιι

1359 5993 1414 6048 ιιι
1427 5991 1565 6058 ιιιιιιιιιι,
1592 5993 1686 6064 inquit,
1701 5996 1772 6051 oreb.
1786 5993 1853 6064 Quid
1868 6006 1919 6063 est,
1935 6001 2144 6060 ιιιιιιιιιιιιιιιιι

1362 6086 1493 6157 Operibus
1506 6089 1581 6143 meis.
1601 6087 1657 6143 Non
1671 6088 1742 6143 enirn
1760 6088 1857 6158 aliquid
1869 6105 2028 6162 corporeum
2039 6106 2145 6163 quarc-
