5025 6925
438 720 487 777 599

439 836 517 889 ιαιιιιι
535 848 545 887 .·
566 829 729 885 munimenta
750 829 936 878 construantur
955 815 1159 873 inurrortaliurtis
1179 829 1227 868 no-

441 937 515 986 strae,
529 925 553 977 in
569 920 632 984 lide,
647 927 741 985 etspe,
756 924 783 970 et
795 913 934 968 charitate.

474 1017 520 1069 23.
540 1012 614 1084 [aera.
632 1007 774 1080 &lisinae
786 1003 926 1074 acceptabis
939 1000 1089 1068 sacrificium
1104 996 1228 1064 iustitie:

441 1108 521 1163 ruodo
534 1113 624 1158 autem
637 1100 796 1156 sacrificium
813 1113 860 1167 pro
869 1096 1015 1164 iniquitate,
1030 1090 1150 1161 spiritum
1163 1104 1227 1142 eon·

440 1200 593 1255 tribulatum
608 1208 635 1250 et
647 1209 693 1249 cor
709 1193 890 1262 lrunriliatrrrn;
905 1199 967 1241 tunc
981 1185 1139 1240 sacrificium
1152 1182 1230 1253 justi-

440 1293 484 1345 tite
499 1287 589 1343 laudes
601 1286 681 1340 solas.
694 1283 766 1339 Beati
777 1282 847 1337 enirn
856 1280 900 1350 qui
913 1276 1032 1332 babit'ant
1043 1278 1068 1330 in
1079 1275 1161 1328 domo
1172 1283 1227 1340 tua,

441 1380 578 1436 insaecula
602 1377 759 1433 sacculorum
788 1371 931 1426 laudabrmt
950 1377 977 1423 te
996 1367 1092 1439 (Psoi.
1114 1380 1228 1429 ιιιιιιιι,

442 1476 469 1546 5)
485 1492 492 1528 :
507 1473 559 1528 ltoc
576 1480 617 1527 est
636 1471 706 1528 oraim
721 1466 879 1522 sacrificium
903 1461 1024 1532 justitiae.
1049 1459 1193 1513 Oblationes
1207 1465 1231 1511 et

443 1567 667 1621 holocaustomata.
693 1560 757 1626 Quae
788 1565 849 1610 sum
872 1549 1107 1607 nolocuustomata?
1136 1547 1230 1601 Totum

443 1661 504 1730 igue
514 1664 708 1725 consumptum.
724 1650 834 1718 Quando
849 1658 932 1702 totum
948 1660 1027 1714 pecus
1046 1640 1232 1708 imponebatur

444 1765 498 1805 ιιι
511 1750 571 1819 igne
584 1742 804 1804 consumendum,
819 1738 1000 1793 holrreaustum
1014 1732 1160 1787 dicebatur.
1176 1729 1229 1783 To·

445 1853 487 1898 tus
501 1855 549 1896 uos
562 1839 669 1894 divinus
684 1834 751 1906 ignis
760 1833 890 1894 absumat,
906 1838 933 1883 et
942 1826 1031 1882 lerror
1043 1824 1088 1878 ilie
1103 1832 1172 1876 totos
1186 1836 1231 1873 ar·

446 1936 535 2005 ripiat.
548 1931 613 2001 Quis
625 1927 732 1985 fervor?
746 1925 801 1979 Nee
816 1922 906 1991 estqui
928 1937 955 1974 ae
969 1916 1107 1974 abscondat
1120 1932 1135 1967 o
1149 1914 1233 1967 calore

447 2030 501 2099 rjus
522 2023 613 2097 (Paul.
637 2037 714 2088 xurrr,
744 2019 788 2090 7).
814 2016 880 2084 eris
904 2010 1010 2067 leruorl
1034 2010 1071 2064 lle
1094 2021 1147 2076 qno
1167 2005 1234 2060 dicit

448 2116 611 2188 Apostolus,
645 2112 753 2183 Spiritu>
787 2110 908 2179 [eruentes
943 2102 1036 2174 (Runa.
1068 2114 1127 2163 ιιι,
1167 2098 1197 2151 Η
1213 2096 1233 2164 l.

447 2210 505 2265 Nou
517 2217 617 2264 tantum
640 2205 727 2259 anima
749 2210 838 2256 nostra
863 2198 1017 2253 absumatur
1029 2191 1062 2245 ab
1078 2190 1124 2245 illo
1143 2188 1233 2250 divino

449 2305 509 2374 igue
533 2298 679 2370 sapientia,
694 2293 742 2349 sed
754 2300 782 2347 et
794 2304 891 2358 eorpus
904 2293 1035 2345 nostrum,
1059 2290 1088 2335 ιιι
1104 2287 1237 2334 ιιιιιιιιιιι

449 2397 485 2451 ibi
499 2391 722 2449 immortaliutem
742 2382 771 2451 ¹';
794 2384 833 2438 sie
858 2382 960 2436 levetur
984 2376 1237 2435 holocaustomata

449 2486 622 2544 absorbeatur
634 2496 706 2536 mors
721 2480 747 2533 iu
757 2475 895 2531 uictoriam
911 2468 1010 2544 (icor.
1025 2482 1072 2534 xv,
1088 2465 1148 2535 itt).
1162 2461 1238 2518 oon-

450 2579 529 2632 tiuuea
550 2573 807 2629 etlroloeuuatomutu.
823 2562 896 2618 Tune
918 2562 1046 2630 imponent
1067 2553 1235 2625 superabere

367 2710 373 2723 .
451 2659 719 2721 manutenendae
733 2655 843 2712 ιίιιιιοιι
856 2650 926 2721 Quid
943 2649 979 2705 ibi
994 2645 1093 2716 eliget?
1107 2644 1239 2699 innocen·

455 2759 520 2813 tiam
535 2771 610 2811 noras
624 2752 720 2813 aetatis,
734 2746 864 2802 arn-libera
876 2741 946 2797 oolla
958 2754 973 2794 a
984 2738 1049 2808 jugo
1060 2735 1145 2806 legis?

485 2848 532 2905 ιι.
554 2846 674 2901 Psaimtrs
694 2841 721 2895 iu
736 2838 844 2895 nomine
858 2832 968 2895 Christi,
985 2830 1034 2885 etsi
1055 2827 1122 2881 lurae
1144 2841 1196 2880 nou
1211 2833 1239 2878 nt

451 2943 585 3005 ratramus,
607 2941 788 2992 verumtamen
803 2937 832 2983 ut
854 2925 998 2997 potuimus,
1020 2919 1175 2975 terminatus
1187 2924 1239 2969 est.

408 3040 412 3055 ¹
449 3032 544 3091 Restat
563 3028 654 3101 paneis
677 3026 775 3093 alloqui
797 3035 865 3083 vos,
892 3017 1006 3094 iratres,
1027 3019 1134 3083 propter
1158 3005 1240 3061 mrtlta

453 3126 520 3182 mala
535 3124 603 3178 inter
617 3133 676 3190 quae
692 3115 814 3170 uiuimus.
828 3109 920 3180 Neque
934 3107 1005 3161 eninr
1020 3103 1140 3157 uiuentes
1152 3100 1179 3154 in
1197 3113 1241 3154 re-

453 3218 502 3274 bus
516 3212 658 3273 immanis,
679 3209 792 3278 migrare
807 3213 948 3274 possumus
968 3212 983 3251 a
1004 3195 1086 3251 rebus
1108 3190 1240 3247 immanis.

453 3312 518 3368 Cum
534 3305 672 3362 tolerantia
686 3298 828 3355 uiuendum
839 3303 881 3350 est
891 3291 969 3349 uobis
978 3291 1047 3344 inter
1057 3287 1142 3342 malos
1156 3303 1163 3340 ε
1179 3284 1241 3355 quia

454 3417 514 3456 eum
528 3398 589 3453 mali
603 3406 733 3453 essemus,
747 3404 806 3444 cunr
827 3384 966 3441 tolerantia
979 3382 1102 3435 vixerunt
1115 3377 1177 3432 boni
1202 3376 1242 3429 iu-

455 3503 567 3546 ternos.
580 3487 637 3542 Non
651 3482 839 3538 obliviscentes
849 3475 912 3547 quid
928 3473 1066 3533 fuerimus,
1078 3484 1131 3523 noa
1143 3467 1241 3536 despe-

455 3585 572 3642 rabimus
585 3580 618 3634 de
633 3579 674 3633 bis
688 3576 732 3646 qui
745 3587 815 3627 aune
829 3581 891 3624 sunt
908 3566 979 3636 quod
994 3562 1103 3618 irrirmrs.
1125 3560 1240 3617 Verum·

456 3687 555 3738 tamem
570 3667 728 3730 charissimi,
741 3665 766 3719 in
781 3669 853 3717 tanta
865 3672 968 3714 mortam
981 3649 1135 3710 diversitate
1147 3659 1175 3706 et
1187 3659 1240 3703 tam

456 3762 605 3823 detestabili
629 3755 791 3825 corruptela,
814 3750 896 3820 regite
908 3747 1003 3803 domos
1022 3753 1124 3798 vestras
1136 3783 1144 3806 ‚
1158 3739 1242 3810 regite

460 3858 529 3914 maus
542 3863 657 3917 vestros,
683 3847 766 3917 regite
790 3841 902 3898 familias
914 3846 1018 3892 vestras
1029 3830 1191 3902 ¹.Qrtomodo
1208 3829 1241 3883 ad

456 3965 506 4007 nus
521 3945 635 4019 pertinet
646 3941 672 3995 in
686 3935 804 3994 Ecclesia
816 3931 886 4003 loqui
901 3929 986 3990 uobis,
1001 3924 1085 3980 sicud
1106 3917 1244 3990 vos‘perti-

456 4050 502 4099 not
518 4041 544 4094 iu
568 4027 799 4092 domibusrestris
822 4037 911 4094 agere,
940 4034 968 4074 nt
993 4019 1089 4074 bonam
1112 4015 1243 4069 rationem

457 4131 573 4191 reddatis
584 4128 617 4181 de
628 4125 670 4180 bis
683 4121 726 4192 qui
738 4118 812 4174 vobis
824 4121 886 4170 suat
897 4109 1007 4167 subditi.
1028 4110 1107 4162 Amat
1119 4106 1188 4160 beas
1200 4103 1226 4156 di

456 4223 605 4294 seipliuam.
631 4216 760 4271 Perverse
781 4215 868 4261 autem
882 4211 910 4258 et
932 4200 998 4256 laisa
1019 4195 1167 4253 innocentia
1191 4203 1244 4259 est,

457 4316 576 4371 habenas
586 4307 674 4363 laxare
687 4300 812 4373 peccatis.
828 4294 913 4351 Valde
925 4291 1064 4354 inutiliter,
1079 4286 1163 4341 'valde
1186 4301 1247 4355 per·
1280 4309 1283 4314 ·

458 4408 558 4466 niciose
583 4400 663 4455 scutit
677 4397 746 4451 tilius
768 4389 850 4463 patris
872 4386 1025 4449 lenitatem,
1042 4390 1070 4435 ut
1085 4389 1174 4450 postea
1201 4377 1246 4431 bei

458 4499 557 4557 setrt'mt
568 4492 735 4547 severitatem
748 4503 754 4538 :
768 4493 795 4538 et
804 4482 854 4535 boc
867 4493 919 4533 ιιοιι
931 4476 1014 4540 solus,
1028 4472 1074 4528 sed
1088 4488 1149 4526 cum
1161 4470 1247 4524 dissa-

459 4582 515 4646 lu'tu
527 4595 602 4659 patre
611 4597 669 4638 ιιιιι.
683 4577 749 4646 Quid
760 4573 850 4630 enim?
862 4570 890 4627 Si
906 4571 962 4638 ipse
974 4582 1027 4622 nou
1041 4570 1141 4634 peceat,
1157 4569 1184 4616 et
1194 4576 1245 4614 non

460 4680 522 4738 lacit
534 4677 603 4749 qnod
617 4674 686 4727 lilius
698 4668 766 4737 ejus,
783 4664 843 4720 ideo
857 4675 909 4715 ιιοιι
925 4659 1004 4714 debet
1014 4656 1048 4711 ab
1061 4655 1116 4723 ipsa
1129 4650 1246 4721 nequitia

459 4775 542 4830 lilium
558 4761 715 4840 probibere?
729 4761 769 4812 dn
784 4755 851 4809 laerte
868 4761 897 4807 ut
908 4750 1029 4805 uideatur
1046 4746 1101 4799 lilio
1111 4743 1169 4812 ojus
1185 4741 1246 4811 quia

459 4876 487 4923 et
498 4871 573 4936 pater
586 4857 647 4913 talia
661 4853 769 4916 laceret,
791 4847 841 4902 nisi
851 4841 1003 4899 senuisset?
1018 4839 1160 4894 Peccatum
1175 4832 1246 4903 qnod

460 4959 506 5015 tibi
520 4971 572 5011 nou
582 4949 703 5021 displicet
716 4946 742 4998 in
756 4941 809 4996 salio
818 4948 873 5001 tuo,
887 4931 1002 4990 delectat
1013 4942 1037 4987 te
1048 4947 1055 4996 ;
1067 4929 1113 4986 sed
1125 4937 1190 4983 aetas
1202 4927 1249 4980 de-

460 5050 553 5113 seruit,
570 5063 621 5100 non
635 5039 775 5111 cupiditas.
791 5032 915 5095 Maxime,
927 5028 1023 5082 tratres
1042 5024 1104 5086 mei,
1122 5022 1190 5076 lilios
1203 5034 1249 5074 re-

460 5150 531 5196 stros
549 5137 642 5192 lldeles
661 5128 797 5191 attendite,
812 5138 879 5194 quos
893 5114 1068 5195 fidedixistis⁸
1085 5122 1115 5167 ut
1128 5112 1248 5182 baptiza-

460 5243 562 5292 rentur.
575 5229 628 5285 Sed
640 5227 709 5282 lortc
723 5221 831 5293 negligit
846 5216 931 5271 maius
945 5212 1017 5266 nitus
1027 5206 1070 5263 uel
1084 5207 1183 5261 monita
1199 5218 1248 5274 pa-

461 5329 520 5389 tris,
548 5323 590 5379 vel
613 5317 835 5389 objurgationem,
861 5309 904 5364 uel
917 5305 1088 5363 severitatem
1102 5317 1111 5355 a
1127 5306 1154 5353 tu
1168 5296 1250 5367 imple

461 5428 602 5491 personam
614 5419 684 5467 tuam
697 5426 705 5474 ;
722 5409 791 5462 Deus
802 5403 836 5459 de
856 5401 900 5456 illo
910 5396 991 5467 exigit
1004 5408 1092 5449 suam.

465 5497 1249 5542 „-.......----—--—-

689 5573 730 5635 tlt
751 5565 942 5633 PSALMUM
962 5563 1002 5624 ld

745 5683 953 5745 manuario.

721 5816 807 5858 ιιιιιιιιι
825 5815 859 5855 ιι
878 5809 1007 5852 manuus.

497 5932 525 5988 l.
541 5924 664 5983 Psalmm
674 5916 762 5974 breuis
776 5919 836 5975 est,
850 5908 885 5964 de
905 5921 959 5977 quo
977 5899 1138 5972 loquendum
1158 5912 1251 5954 susce-

493 6046 503 6079 ι
520 6050 573 6093 m
585 6025 898 6145 mmntsspgmmlamnn
914 6028 941 6071 et
951 6008 1252 6069 exlisuououllileruut:

462 6094 685 6158 ιιιιιιιιιιιιιιιιιιιι·
731 6085 916 6166 ιιιιιοιιιιιιιι·

487 6169 500 6197 ¹
513 6168 696 6224 “nmmo
781 6157 903 6218 mas&
964 6204 978 6216 ..

477 6227 543 6275 ’re
555 6231 650 6276 erues
659 6213 922 6282 ιιιιηιιιιοιιιιιιιιι.
934 6203 979 6259 ιιι
998 6207 1052 6278 1ιῆ
1064 6193 1249 6267 uwel&-

1052 703 1080 756 S.
1101 699 1281 757 adcusanti
1303 700 1450 757 episcopt

2013 700 2067 757 otu

1279 815 1367 885 pimus
1387 816 1514 872 charitati
1528 815 1630 873 Vestrae
1647 817 1714 873 :sed
1729 816 1832 873 titubrm
1847 816 1926 873 babet
1945 816 2067 897 aliqqau·

1280 909 1363 963 tulum
1385 911 1561 980 negotiosum.
1576 909 1712 967 Patienter
1724 926 1789 983 ergo
1802 912 1931 969 sustinete
1944 928 2004 980 nos,
2019 914 2067 970 do·

1281 1016 1330 1055 nee
1344 1001 1418 1055 illum
1428 1000 1584 1068 enodemus,
1597 1010 1627 1057 ut
1638 1018 1789 1073 possumus,
1799 1013 1925 1075 quantum
1937 1003 2068 1075 adjuverit

1282 1093 1420 1149 Dominus.
1432 1093 1522 1165 Neque
1535 1096 1605 1150 enim
1618 1097 1715 1165 passim
1730 1095 1913 1166 praetereunda
1923 1097 2067 1159 sambrae:

1282 1184 1494 1255 quandoquidem
1509 1186 1604 1256 placuit
1618 1187 1759 1252 iratribus,
1773 1204 1827 1244 ιιοιι
1840 1197 1941 1243 tantma
1963 1204 2028 1244 aure
2043 1200 2070 1243 et

1283 1276 1383 1343 corde,
1397 1277 1444 1332 sed
1465 1286 1492 1332 et
1506 1279 1576 1350 stylo
1588 1278 1742 1349 excipienda
1753 1295 1814 1350 quse
1827 1279 1940 1335 dicimus
1956 1297 1963 1332 :
1979 1288 2008 1334 ut
2018 1294 2069 1333 noa

1283 1368 1430 1422 auditorem
1445 1377 1557 1432 tautum,
1571 1368 1619 1424 sed
1634 1377 1661 1423 et
1674 1369 1798 1425 lectorem
1808 1370 1889 1426 etiam
1899 1369 2017 1441 cogitare
2026 1369 2078 1425 de·

1284 1458 1404 1513 beamus.
1417 1458 1483 1514 Nata
1493 1469 1535 1515 est
1552 1460 1659 1530 quidem
1679 1460 1785 1516 occasio
1798 1461 1901 1531 psalmo
1913 1460 1976 1516 buic
1998 1476 2076 1516 exre

1284 1550 1397 1620 quadam
1410 1562 1495 1623 gesta,
1509 1569 1589 1623 quam
1604 1554 1679 1609 robis
1700 1556 1778 1610 otiam
1795 1553 1907 1610 lecimus
1918 1554 2026 1610 recitari
2041 1554 2081 1611 de

1284 1642 1353 1696 libro
1381 1643 1542 1712 Regnorum.
1573 1646 1636 1701 Sairl
1671 1648 1742 1702 enim
1761 1663 1809 1701 rex
1834 1662 1887 1701 non
1910 1646 1944 1702 ad
1968 1662 2072 1718 perma-

1284 1734 1399 1789 nuudum
1413 1737 1540 1791 eleetusa
1556 1737 1676 1802 Domino,
1692 1738 1739 1793 scd
1750 1737 1895 1793 secundum
1920 1738 2011 1808 populi
2029 1753 2073 1792 cur

1286 1823 1382 1879 durum
1404 1834 1431 1880 et
1444 1826 1543 1881 malum
1555 1826 1633 1882 datus
1646 1828 1679 1881 ad
1692 1842 1783 1882 eorum
1796 1827 2008 1898 eorreptionem,
2023 1844 2074 1882 uon

1286 1916 1320 1970 ad
1344 1914 1484 1973 utilitatem
1502 1915 1533 1990 (l
1549 1918 1612 1990 ilep.
1628 1934 1682 1981 ιιιι,
1699 1918 1746 1990 7),
1766 1918 1908 1974 seeundum
1927 1918 1998 1973 iilam
2013 1933 2075 1974 sen·

1287 2008 1397 2063 tentiam
1420 2018 1570 2065 sanctarum
1595 2009 1809 2079 Scripturarum‚
1833 2026 1893 2082 quae
1912 2012 1950 2065 ait
1962 2010 1996 2066 de
2011 2010 2075 2074 ilco,

1289 2100 1340 2167 Qui
1349 2118 1453 2171 regnare
1467 2104 1663 2175 lucitlromiuem
1677 2105 1843 2181 hypocritam,
1856 2094 1961 2177 propter
1977 2123 2078 2178 peruer-

1287 2192 1386 2246 ritutcm
1397 2195 1485 2265 populi
1497 2194 1506 2265 (
1517 2193 1567 2249 Jol
1587 2212 1685 2262 ιιιιιι,
1698 2196 1744 2267 50)
1758 2213 1766 2251 z
1782 2211 1843 2251 cum
1854 2212 1917 2267 ergo
1930 2199 1991 2252 talis
2005 2207 2081 2253 esset

1289 2284 1374 2350 Sairi,
1398 2286 1605 2356 persequebatur
1625 2286 1706 2341 llavid
1720 2286 1751 2359 (l
1772 2286 1836 2359 liep.
1861 2303 2002 2343 xant-satu
2014 2289 2040 2359 l,
2053 2289 2081 2344 iu

1288 2391 1341 2446 quo
1367 2376 1436 2431 Deus
1459 2376 1643 2448 prefigurabat
1663 2393 1773 2449 regnum
1797 2378 1891 2433 salutis
1916 2388 2039 2444 aeternas,
2055 2386 2084 2433 et

1288 2480 1367 2536 quem
1393 2467 1462 2522 Deus
1484 2468 1600 2539 elegerat
1623 2484 1825 2540 permansurum
1839 2469 1864 2524 iu
1886 2469 1989 2525 semiue
2014 2483 2083 2536 suo;

1289 2561 1503 2634 quandoquidem
1523 2564 1627 2619 iuturus
1639 2574 1699 2620 erat
1718 2580 1765 2619 rex
1778 2573 1880 2627 noster.
1895 2579 1942 2618 rex
1967 2563 2087 2619 saeculo-

1289 2670 1349 2711 rum
1371 2671 1432 2712 eum
1448 2670 1501 2727 quo
1519 2656 1652 2727 regnaturi
1667 2671 1759 2713 sumus
1778 2656 1803 2710 iu
1826 2665 1965 2723 aternum,
1978 2670 2013 2711 ex
2039 2668 2087 2709 se·

1291 2747 1363 2803 mine
1384 2747 1467 2818 ipsius
1496 2748 1576 2802 bario
1594 2748 1741 2803 secundum
1759 2761 1867 2802 munem
1882 2746 1978 2818 (Rom.
1996 2761 2015 2809 ι,
2037 2745 2087 2817 3).

1291 2840 1357 2897 Cum
1371 2857 1435 2912 orgo
1457 2841 1538 2896 liavid
1564 2841 1633 2895 Deus
1654 2840 1789 2911 elegisset,
1801 2848 1830 2895 et
1853 2838 2090 2909 praelegisseqet

1291 2934 1506 3006 praedestinasset
1528 2933 1561 2987 ad
1582 2948 1702 3003 regnum,
1717 2916 1813 2986 'noluit
1834 2938 1861 2986 et
1886 2931 1972 2999 ipsum
2003 2930 2089 2985 Dauid

1291 3036 1353 3082 aute
1376 3042 1485 3097 reguum
1509 3036 1617 3090 tenere,
1632 3040 1710 3096 quam
1730 3026 1841 3095 primoa
1857 3022 2086 3094 persequentibus

1292 3117 1437 3185 liberaret;
1461 3128 1489 3175 ut
1503 3120 1581 3174 otiam
1594 3120 1620 3173 iu
1639 3120 1690 3174 lroc
1703 3118 1762 3188 ipso
1776 3119 1900 3188 figuraret
1916 3131 1977 3180 uos,
2002 3115 2029 3171 id
2043 3126 2089 3170 est

1291 3226 1390 3284 corpus
1401 3211 1468 3282 ajars,
1482 3210 1557 3280 euius
1571 3211 1689 3280 corporis
1701 3207 1908 3277 eaputClaristus
1923 3208 1933 3278 (
1941 3206 2042 3262 Coioss.
2065 3223 2089 3273 ι,

1294 3305 1328 3361 ta
1338 3303 1358 3377 ).
1372 3304 1455 3358 Porro
1469 3304 1539 3358 enirn
1553 3303 1574 3357 si
1588 3303 1673 3372 ipsum
1689 3310 1768 3370 eaput
1787 3308 1906 3355 nostrum
1926 3297 1985 3354 sine
2001 3300 2092 3370 primo

1294 3406 1402 3470 peracto
1418 3397 1507 3450 labore
1516 3395 1541 3449 iu
1556 3404 1635 3459 terra,
1645 3395 1670 3448 in
1682 3394 1751 3449 eaelo
1765 3408 1876 3465 regnare
1884 3392 1984 3456 uoluit,
1997 3406 2091 3464 aeque

1293 3489 1383 3544 levare
1406 3503 1510 3544 sursum
1537 3502 1634 3558 corpus
1656 3486 1726 3557 quod
1752 3484 1877 3542 deorsum
1891 3485 2007 3557 aceepit,
2035 3485 2091 3542 nisi

1295 3594 1343 3650 per
1355 3580 1531 3634 tribulationis
1542 3580 1609 3632 uiam
1621 3595 1628 3644 ;
1640 3577 1702 3648 quid
1714 3576 1814 3633 audent
1825 3577 1943 3632 rueurbra
1958 3592 2086 3646 sperare,
2108 3578 2110 3582 '

1294 3675 1380 3745 capite
1402 3689 1450 3727 sno
1464 3672 1546 3742 magis
1558 3686 1586 3726 se
1602 3688 1678 3740 posse
1688 3681 1753 3726 ‘esse
1771 3671 1878 3727 felicia?
1892 3670 1923 3727 Si
1946 3675 2093 3744 patremfa-

1294 3766 1377 3819 milias
1390 3763 1525 3819 Beelzebub
1545 3773 1694 3816 uocauerunt
1709 3804 1718 3827 ,
1736 3763 1922 3834 quantomagis
1935 3762 2094 3817 domesticos

1294 3858 1349 3929 eiua
1364 3856 1475 3928 (llattlr.
1490 3874 1516 3920 x,
1531 3854 1604 3928 lii?
1618 3856 1675 3910 Nou
1690 3870 1754 3926 ergo
1768 3871 1905 3925 speremus
1917 3853 2091 3912 molliorem*

1296 3950 1384 4003 uiam:
1401 3963 1452 4018 qua
1464 3948 1600 4018 praecessit
1613 3961 1715 4013 caurus,
1729 3962 1780 4016 qua
1796 3945 1870 4001 duxit
1889 3960 2046 4015 sequamur.
2061 3945 2092 4003 Si

1297 4044 1368 4096 enim
1393 4058 1408 4096 a
1426 4042 1537 4111 uestigio
1550 4041 1608 4109 ejus
1630 4041 1822 4107 aberravimus,
1836 4042 1963 4112 perimus.
1981 4042 2012 4097 ln
2037 4042 2094 4097 boc

1295 4149 1359 4205 ergo
1375 4133 1455 4188 Dauid
1475 4132 1536 4204 qnid
1553 4132 1779 4204 praefigurabatur,
1794 4133 1890 4188 ridetis
1911 4149 1918 4185 ε
1933 4141 2040 4203 ergoet
2064 4134 2093 4188 in

1297 4227 1359 4281 Sairl
1373 4225 1434 4296 quid
1450 4225 1675 4295 praefigurabatur,
1690 4224 1785 4279 uidetis
1801 4238 1929 4294 :regnunt
1942 4222 2044 4286 malurn
2061 4225 2091 4280 in

1297 4319 1369 4384 Sam,
1383 4333 1492 4388 regnum
1506 4318 1603 4373 botrum
1618 4317 1644 4371 in
1658 4316 1739 4372 Dauid
1755 4333 1762 4371 :
1778 4317 1885 4371 morsin
1901 4315 1979 4380 Sadl,
1994 4325 2023 4372 et
2035 4316 2092 4369 uita

1298 4411 1324 4463 iu
1342 4409 1432 4463 [laud.
1446 4410 1549 4463 Etenim
1571 4422 1620 4462 uos
1646 4423 1698 4462 mur
1732 4407 1898 4478 persequitur
1924 4405 1976 4461 nisi
2004 4422 2094 4474 mors,

1297 4501 1331 4555 de
1353 4513 1404 4570 qua
1430 4500 1455 4553 in
1477 4498 1528 4553 flue
1551 4497 1787 4566 triumphabimus,
1814 4496 1932 4551 dieentes
1947 4512 1956 4550 a
1970 4493 2023 4551 boa·
2042 4508 2094 4564 eet,

1297 4610 1374 4659 mora,
1387 4593 1510 4647 contentio
1522 4591 1587 4644 tna?
1607 4590 1649 4645 ult
1661 4602 1706 4655 ιιι,
1717 4607 1794 4657 mora,
1807 4589 1907 4643 ιιιιιιιιιι
1915 4598 1978 4649 latus
1991 4588 2094 4656 (le.

1298 4701 1343 4751 xv,
1352 4683 1419 4756 ddi?
1432 4683 1499 4750 Quid
1510 4692 1551 4738 est
1562 4682 1633 4753 quod
1647 4682 1716 4746 dico,
1734 4697 1786 4735 non
1800 4696 1848 4735 uos
1857 4680 2029 4750 persequitur
2039 4681 2109 4737 nisi.

1299 4776 1392 4830 ruorsl
1413 4776 1477 4842 Quia
1493 4774 1543 4829 uisi
1558 4773 1684 4828 mortales
1705 4786 1843 4837 essemus,
1860 4787 1912 4825 non
1933 4780 2007 4826 esset
2020 4771 2095 4842 quod

1300 4868 1377 4923 uobis
1399 4866 1497 4921 laceret
1510 4864 1641 4920 inimicus.
1656 4862 1787 4932 Numquid
1801 4862 1872 4916 cuim
1887 4861 2001 4931 Angelis
2013 4861 2096 4934 quid-

1300 4974 1379 5030 quam
1405 4957 1492 5013 laciti,
1507 4957 1575 5027 Ergo
1599 4957 1677 5010 etiam
1701 4956 1755 5024 ipsa
1770 4968 1841 5008 mors
1852 4967 1888 5019 ‚a
1904 4967 1954 5023 qua
1975 4954 2097 5010 maxime

1302 5054 1430 5108 babemus
1441 5051 1663 5123 persecutionem,
1673 5050 1750 5116 eujus
1763 5047 1853 5102 linitur
1863 5046 1890 5100 in
1905 5046 1957 5100 line
1972 5053 2096 5102 couten-

1302 5149 1339 5203 tio
1352 5163 1411 5203 cunr
1427 5142 1677 5202 resurrexerimusa
1692 5141 1814 5205 mmnris,
1829 5141 1898 5194 sicut
1911 5137 1987 5193 linita
2006 5139 2096 5194 estin
2130 5182 2133 5187 .

1302 5241 1389 5312 eapite
1418 5246 1520 5303 nostro,
1533 5268 1534 5273 ι
1547 5226 1586 5289 sio
1608 5233 1714 5288 doletur
1726 5240 1754 5286 et
1767 5231 1792 5285 iu
1817 5229 1903 5294 nobis,
1919 5228 1942 5284 si
1952 5227 2019 5298 justi
2033 5225 2096 5284 luo·

1303 5334 1387 5388 rimus
1411 5328 1521 5385 inuenti.
1541 5325 1607 5381 Nam
1627 5321 1747 5379 mortirus
1770 5321 1814 5376 ille
1827 5319 1921 5374 mortis
1935 5316 2096 5376 interlector

1303 5426 1359 5487 luit,
1376 5430 1403 5478 et
1417 5421 1500 5492 magis
1513 5420 1538 5473 in
1557 5417 1602 5471 illo
1616 5431 1688 5472 mors
1701 5423 1804 5469 mortua
1816 5422 1874 5480 est,
1889 5425 1970 5481 quam
1987 5411 2048 5482 ipse
2064 5416 2094 5467 in

1303 5525 1398 5570 lttttrte.

1338 5607 1366 5662 2
1382 5603 1500 5672 beatique
1510 5600 1589 5656 etiam
1604 5613 1700 5660 nomeu
1714 5596 1799 5666 ipsum
1810 5595 1831 5649 si
1842 5591 2027 5660 attendamus,
2037 5608 2095 5650 nou

1303 5697 1412 5754 estsine
1421 5693 1556 5767 mysterio.
1564 5691 1629 5746 Nam
1641 5690 1704 5746 Sairl
1719 5689 1906 5758 interpretatur
1918 5684 2028 5750 Potitio,
2040 5683 2096 5738 buc

1303 5804 1345 5851 est
1355 5790 1489 5864 appetitio.
1505 5788 1574 5858 Quid
1585 5788 1656 5843 euim
1675 5785 1795 5872 dubitare
1808 5782 1936 5837 debemus
1950 5793 2002 5835 nos·
2014 5779 2095 5836 nobis

1304 5876 1398 5943 iecisse
1409 5892 1522 5940 mortem
1535 5879 1631 5935 istaml
1651 5879 1671 5932 Α
1688 5878 1798 5948 peceato
1810 5874 1882 5930 euim
1898 5872 2017 5928 bominis
2030 5880 2095 5928 nata

1297 5999 1413 6065 ιἰιιιίιιιι.
1432 6005 1459 6047 ιι
1477 6002 1541 6052 tou..
1553 5990 1700 6059 fidedixistis
1711 6003 1720 6041 .·
1733 5997 1760 6040 et
1780 5990 1814 6040 sie
1825 5987 1932 6039 melioris
1952 5993 2019 6035 noea
2037 5991 2094 6036 ια.

1303 6064 1368 6114 ldeur
1379 6061 1479 6112 uerbum
1490 6056 1672 6111 adhittitum'esl
1678 6064 1760 6116 supra,
1772 6052 1797 6100 in
1806 6057 1886 6101 Ειιιπ.
1896 6046 1956 6099 esai.
1964 6045 2095 6108 am

1302 6124 1399 6238 eps&
1409 6189 1445 6239 ιι.
1457 6189 1484 6233 ιι
1495 6156 1550 6232 us]
1560 6186 1588 6230 ιι
1596 6185 1662 6242 ιιι,
1673 6175 1802 6228 nemeen
