5025 6925
875 682 979 741 659

877 809 961 854 tus
1000 797 1123 868 qnid
1162 803 1337 866 gemat
1378 802 1591 866 propter
1640 788 1870 861 pericula
1914 802 1942 842 a
1986 785 2130 844 salsis
2176 783 2440 839 fratribus.

880 889 1127 958 Quoniam
1153 888 1195 939 si
1239 885 1471 938 inimicus
1516 881 1859 953 exprobrasset
1902 878 2022 932 mihi
2047 918 2064 944 ,
2105 873 2449 934 sustinuissem

877 981 1084 1048 utique:
1111 986 1154 1030 et
1178 977 1220 1028 si
1245 976 1289 1028 is
1313 976 1397 1046 qui
1422 974 1595 1028 oderat
1614 989 1691 1026 me
1709 1014 1724 1036 ,
1752 987 1902 1041 super
1941 985 2019 1022 me
2047 981 2229 1038 maana
2255 967 2448 1020 locutus

876 1070 1068 1140 fuisset,
1093 1066 1142 1121 id
1172 1075 1273 1134 est,
1298 1081 1390 1136 per
1415 1064 1714 1135 snperbiam
1738 1047 1872 1118 mihi
1890 1059 2210 1122 insultasset,
2240 1054 2446 1126 magni-

877 1159 1059 1215 ficaret
1085 1173 1143 1213 se
1163 1172 1322 1226 snper
1344 1172 1449 1225 me,
1481 1156 1770 1209 minaretur
1800 1151 1926 1206 ntihi
1952 1148 2203 1221 quidquid
2232 1155 2444 1218 posset:

873 1250 1229 1304 absconderem
1252 1264 1331 1302 me
1355 1248 1522 1316 utique
1543 1245 1604 1298 ab
1625 1262 1700 1299 eo.
1730 1243 1811 1297 Ab
1831 1243 1920 1299 illo
1949 1242 2034 1314 qni
2063 1240 2188 1294 soris
2215 1247 2296 1294 est
2316 1280 2329 1299 ‚
2359 1236 2449 1290 ubi

875 1349 928 1396 te
947 1338 1340 1396 absconderes?
1368 1337 1510 1392 luter
1534 1336 1653 1390 illos
1667 1335 1754 1406 qui
1784 1332 1923 1387 intus
1940 1340 2080 1386 sunt.
2104 1329 2253 1384 Nunc
2272 1337 2446 1381 antem

876 1434 1015 1499 vide,
1033 1433 1080 1489 si
1106 1449 1209 1488 non
1231 1431 1360 1487 nihil
1381 1430 1522 1485 aliud
1544 1437 1727 1493 restat,
1753 1426 1854 1482 nisi
1881 1423 2286 1481 utsolitudinem
2313 1433 2449 1490 qnze·

798 1568 803 1574 -
876 1541 984 1582 ras.
1021 1525 1096 1580 Tu
1121 1541 1255 1591 vero,
1277 1523 1466 1594 inquit,
1488 1522 1636 1575 homo
1662 1519 1931 1580 unanimis,
1959 1517 2066 1570 dux
2086 1523 2281 1568 memet
2302 1522 2450 1570 notus

878 1634 1039 1673 niens.
1070 1617 1231 1673 Forte
1258 1613 1542 1686 aliquando
1569 1612 1762 1668 bonum
1785 1610 2060 1665 consilinm
2077 1606 2292 1673 dedisti,
2315 1606 2451 1658 l'nrte

876 1708 1161 1778 aliqnando
1180 1705 1494 1778 przreessisti
1516 1719 1620 1766 me,
1646 1712 1699 1756 ‹·t
1719 1702 1928 1757 salubre
1947 1697 2143 1775 aliquid
2166 1696 2412 1753 monuisti
2432 1712 2446 1749 :

882 1798 934 1854 in
960 1799 1201 1855 Ecclesia
1225 1799 1314 1853 Dei
1341 1796 1498 1852 simul
1526 1794 1738 1850 fuimus.
1774 1794 1850 1847 Tu
1873 1810 1983 1848 aero
2008 1793 2154 1846 Ιιοηιο
2175 1790 2448 1855 unanimis,

880 1891 989 1945 dux
1013 1906 1150 1944 meus
1171 1901 1216 1943 et
1247 1897 1392 1942 notus
1420 1903 1559 1941 meus
1592 1902 1611 1940 .·
1633 1887 1718 1956 qui
1749 1886 1898 1938 siutul
1942 1899 2133 1945 mecum
2163 1880 2332 1935 dulces
2361 1896 2450 1932 ca-

882 1979 1051 2049 piebas
1077 1979 1228 2033 cibos.
1278 1977 1377 2047 Qui
1421 1986 1544 2031 sunt
1581 1975 1764 2030 dulces
1808 1973 1956 2028 cibi?
1999 1971 2113 2028 Non
2150 1986 2334 2026 omnes
2363 1968 2451 2038 qni

881 2071 1074 2125 adsunt
1095 2077 1357 2124 noverunt
1381 2083 1395 2133 ;
1440 2067 1532 2122 sed
1561 2082 1664 2121 non
1685 2067 1976 2121 amaricent
2006 2065 2020 2095 ¹
2049 2064 2139 2134 qui
2168 2071 2449 2125 noverunt,

881 2170 942 2221 ut
963 2161 1165 2231 possint
1202 2160 1308 2215 illis
1334 2160 1420 2231 qui
1460 2158 1634 2215 adhuc
1664 2174 1766 2214 non
1806 2167 2063 2211 noverunt
2092 2136 2269 2209 dicere
2301 2173 2314 2208 :
2348 2152 2456 2207 Gu-

882 2261 1045 2318 state,
1084 2262 1133 2306 et
1167 2253 1364 2319 videte,
1411 2251 1648 2322 quoniam
1683 2249 1843 2303 dulcis
1885 2257 1957 2301 est
1996 2245 2239 2300 Dominus
2281 2243 2453 2314 (Psab.

809 2360 812 2364 ’
882 2360 1043 2399 xxxin
1065 2386 1080 2410 ,
1103 2343 1179 2413 9).
1228 2342 1328 2410 Qui
1356 2342 1506 2395 simul
1540 2357 1732 2394 mecum
1757 2339 1928 2392 dulces
1956 2337 2183 2406 capiebas
2210 2336 2360 2390 cibos.
2391 2334 2458 2390 ln

884 2433 1035 2487 domo
1064 2433 1157 2487 Dei
1181 2431 1544 2487 ambulavimus
1567 2448 1679 2484 cum
1705 2445 1966 2483 consensu.
2013 2426 2165 2483 Unde
2194 2441 2319 2497 ergo
2344 2426 2457 2480 dis-

885 2524 1064 2580 sensio
1090 2521 1208 2595 (a)?
1232 2523 1330 2593 Qui
1360 2523 1502 2577 intus
1521 2530 1655 2589 erat,
1687 2520 1814 2574 soris
1840 2518 2006 2574 sactus
2031 2527 2129 2574 est.
2164 2516 2460 2571 Anibnlavit

887 2631 1095 2670 mecum
1135 2617 1186 2670 in
1225 2615 1386 2672 domo
1427 2614 1516 2668 Dei
1546 2629 1664 2669 cum
1702 2627 1964 2668 consensu
1994 2630 2006 2665 ε
2038 2612 2194 2668 aliam
2242 2609 2457 2668 domum

888 2706 1059 2760 erexit
1089 2712 1274 2761 eontra
1313 2705 1529 2760 domum
1562 2704 1672 2759 Dei.
1711 2703 1885 2770 Quare
1912 2702 1999 2756 illa
2027 2703 2208 2758 relicta
2237 2711 2339 2768 est,
2371 2702 2458 2756 ubi

889 2794 1274 2850 ambulavimus
1296 2809 1416 2849 cum
1457 2809 1719 2849 consensu
1743 2794 1766 2847 ’ἶ
1810 2808 1972 2863 qnare
2009 2793 2094 2847 illa
2122 2792 2329 2848 deserta
2357 2802 2458 2857 est,

892 2887 981 2942 ubi
1008 2886 1189 2942 dulces
1217 2887 1372 2941 simul
1394 2886 1732 2956 capiebamus
1759 2885 1944 2940 cibos?

963 2977 1049 3033 16.
1078 2977 1229 3052 [vers.
1251 2977 1371 3051 ts]
1402 2977 1577 3032 Veniat
1606 2994 1739 3040 mors
1758 2993 1908 3048 super
1928 2993 2011 3031 eos
2035 3017 2050 3041 ,
2093 2986 2138 3030 et
2163 2976 2465 3030 descendant

892 3069 959 3122 ad
992 3069 1247 3138 infernum
1273 3069 1507 3122 viventes.
1535 3066 1651 3136 Quo
1677 3067 1835 3121 modo
1856 3058 2127 3135 replicavit
2152 3075 2205 3119 et
2230 3044 2464 3120 recolere

894 3176 993 3216 nos
1019 3161 1140 3216 fecit
1165 3162 1391 3231 primum
1415 3160 1539 3213 illud
1564 3158 1864 3215 schismatis
1895 3158 2137 3220 initium,
2169 3157 2380 3227 quando
2412 3157 2466 3210 in

895 3252 985 3307 illo
1029 3237 1200 3322 primo
1236 3251 1432 3321 populo
1471 3248 1774 3304 Judasortun
1814 3247 2025 3318 qnidam
2051 3247 2266 3317 superbi
2291 3263 2347 3300 se
2377 3262 2463 3301 se-

895 3350 1236 3413 paraverunt,
1262 3350 1317 3397 et
1340 3349 1488 3397 extra
1512 3339 1810 3395 sacrificare
1826 3339 2123 3394 voluerunt.
2161 3338 2301 3392 Nova
2324 3354 2468 3394 iners

897 3448 1059 3502 super
1085 3447 1178 3490 eos
1213 3431 1359 3488 venit
1386 3448 1399 3485 :
1422 3431 1628 3501 aperuit
1650 3445 1710 3486 se
1735 3439 1872 3486 terra
1898 3472 1913 3499 ,
1944 3439 1998 3485 et
2029 3430 2174 3484 vivos
2198 3429 2471 3485 absorbuit.

901 3522 1090 3595 (Num.
1121 3540 1205 3577 xvi
1229 3565 1243 3588 ,
1278 3525 1449 3593 1-55).
1498 3522 1713 3588 Veniat,
1739 3522 1908 3591 inquit
1927 3563 1941 3584 ,
1963 3538 2097 3577 mors
2116 3538 2266 3593 super
2290 3539 2394 3585 eos,
2422 3532 2471 3577 et

902 3616 1205 3669 descendant
1230 3615 1299 3667 ad
1323 3615 1577 3686 infernum
1606 3614 1834 3668 viventes.
1879 3611 2013 3678 Quid
2042 3622 2124 3666 est
2142 3653 2156 3676 ,
2210 3613 2424 3666 virentes
2444 3613 2470 3667 :²

904 3707 1142 3762 Scientes
1167 3706 1288 3777 quia
1310 3714 1566 3777 pereunt,
1599 3715 1648 3760 et
1677 3714 1851 3758 tamen
1881 3713 2179 3773 pereuntes,
2221 3703 2355 3759 Audi
2386 3706 2469 3761 vi·

903 3807 1088 3852 ventes
1106 3799 1280 3869 perire
1307 3807 1361 3853 et
1387 3796 1660 3853 absorberi
1685 3796 1829 3850 hiatu
1850 3806 2002 3850 terrae
2019 3836 2036 3862 ,
2065 3795 2114 3849 id
2141 3806 2221 3851 est
2245 3796 2466 3852 devora·

908 3892 1051 3945 tinne
1096 3900 1426 3944 terrenarum
1473 3887 1816 3957 cupiditatum
1862 3886 2154 3942 absorberi.
2206 3888 2344 3943 Dicis
2371 3888 2472 3942 bo-

905 3983 1033 4037 mini
1064 4000 1076 4036 :
1108 3980 1243 4051 Quid
1275 3982 1473 4051 pateris
1493 4023 1508 4047 ,
1558 3979 1755 4034 irater?
1803 3978 2015 4034 Fratres
2040 3993 2222 4035 sumus
2243 4022 2257 4044 ,
2309 3997 2472 4036 unum

906 4075 1074 4131 Deum
1105 4075 1429 4138 invocamus,
1456 4074 1508 4127 in
1533 4089 1692 4128 unum
1713 4072 1981 4127 Christum
1999 4072 2287 4140 credimuS,
2313 4090 2476 4129 unum

908 4164 1250 4237 Evangelium
1298 4164 1540 4219 audimus
1565 4206 1580 4230 ,
1632 4179 1794 4218 uuum
1849 4162 2116 4217 Psal'mum
2166 4173 2474 4231 cantamus,

910 4273 1073 4311 unum
1093 4258 1260 4311 Amen
1279 4254 1683 4327 respondemus,
1712 4270 1872 4309 unum
1894 4253 2112 4309 Alleluia
2141 4269 2473 4325 resonamus,

909 4363 1073 4401 unum
1100 4348 1301 4403 Pascha
1330 4347 1660 4402 celebramus
1694 4365 1705 4400 ε
1735 4346 1860 4416 quid
1902 4355 1958 4400 tu
1994 4346 2124 4401 loris
2165 4362 2258 4415 es,
2305 4357 2360 4403 et
2379 4364 2478 4420 ego

911 4437 1052 4489 intus
1067 4452 1182 4490 sum
1199 4436 1223 4488 ‘t
1243 4437 1555 4506 Plerumque
1571 4446 1876 4507 angustatus
1890 4444 1944 4491 et
1962 4437 2306 4494 considerans
2320 4455 2476 4509 quam

911 4542 1038 4581 rera
1064 4526 1306 4580 dicantur
1329 4568 1344 4591 ‚
1376 4526 1616 4590 Reddat,
1648 4527 1738 4589 ait,
1782 4527 1921 4582 Deus
1944 4527 2232 4597 majoribus
2261 4530 2474 4585 nostris.

912 4619 1053 4689 Ergo
1076 4619 1226 4674 vivus
1253 4619 1406 4687 perit.
1441 4617 1639 4671 Deinde
1663 4616 1812 4672 addis
1835 4625 1888 4672 et
1908 4633 2091 4673 mones
2118 4635 2130 4670 ε
2162 4616 2358 4674 Saltem
2387 4635 2479 4675 so-

912 4711 1020 4765 lum
1044 4710 1113 4764 sit
1137 4709 1332 4764 malum
1363 4707 1772 4779 segregationiS,
1800 4724 1895 4763 cur
1915 4708 2155 4780 adiungis
2175 4721 2227 4764 et
2248 4710 2480 4781 rebapti-

914 4803 1182 4863 zauonist
1228 4804 1471 4872 Agnosce
1508 4801 1560 4855 in
1600 4816 1686 4855 me
1714 4800 1853 4871 quod
1877 4800 2097 4870 ,habes;
2141 4811 2196 4857 et
2235 4804 2277 4859 si
2314 4812 2367 4857 tu
2398 4819 2482 4859 me

913 4896 1103 4961 odisti,
1147 4893 1359 4953 Christo
1397 4892 1448 4947 iu
1483 4908 1570 4948 me
1595 4907 1773 4963 parce.
1821 4892 1887 4947 Et
1914 4892 2017 4948 hoc
2039 4894 2116 4948 eis
2143 4894 2337 4948 malum
2369 4896 2480 4964 ple-

914 5007 1138 5062 rumque
1164 5000 1217 5046 et
1246 4988 1473 5044 maxime
1515 4986 1757 5056 displicet
1785 5003 1798 5040 ε
1827 4987 1997 5047 Vere,
2042 4986 2316 5055 inquiunt,
2349 4988 2483 5042 male

919 5082 1012 5144 lit;
1041 5083 1235 5137 utinam
1259 5088 1436 5152 posset
1462 5096 1566 5133 non
1589 5078 1736 5133 lieri!
1770 5076 1861 5131 sed
1889 5075 2012 5146 quid
2039 5076 2258 5131 facimus
2285 5077 2351 5132 de
2378 5090 2485 5134 sta-

920 5172 1046 5226 tutis
1082 5174 1336 5242 majorum
1383 5169 1729 5227 nostrorum?
1773 5166 2093 5220 Descendunt
2130 5166 2198 5220 ad
2234 5168 2485 5238 iisset-num

917 5266 1149 5318 viventes.
1175 5262 1229 5318 Si
1258 5271 1496 5318 mortuus
1519 5259 1892 5321 descenderes.
1920 5257 2043 5328 quid
2069 5272 2251 5327 ageres
2277 5259 2486 5328 ignora-

921 5370 1005 5409 res
1031 5369 1045 5406 :
1071 5367 1190 5407 cum
1217 5367 1341 5406 vero
1366 5354 1470 5407 scis
1491 5351 1693 5406 malum
1719 5364 1838 5404 esse
1857 5348 1997 5419 quod
2035 5346 2163 5403 sacis
2183 5389 2196 5410 ,
2226 5358 2278 5403 et
2311 5358 2484 5403 tamen

920 5449 1086 5508 lacis;
1132 5459 1308 5500 nonme
1334 5445 1482 5499 vivus
1517 5441 1796 5499 descendis
1823 5440 1889 5495 ad
1935 5439 2169 5495 inferos?
2218 5440 2282 5493 Et
2326 5454 2488 5509 qnare
2521 5430 2529 5456 ¹

921 5543 1151 5597 maxime
1197 5542 1337 5610 ipsos
1382 5539 1541 5595 duces
1582 5549 1739 5593 terrae
1787 5537 1958 5590 hiatus
2005 5534 2278 5591 absorbuit
2318 5535 2485 5600 vivos,

923 5636 1170 5707 populum
1219 5642 1392 5687 autem
1439 5632 1542 5685 illis
1584 5630 2000 5685 censentientem
2041 5643 2071 5681 e
2099 5628 2236 5682 coelo
2284 5626 2488 5681 irruens

923 5728 1058 5796 ignis
1084 5723 1376 5793 absumpsit
1419 5720 1600 5790 (Ibid.,
1629 5719 2054 5788 47)?Propterea
2103 5718 2236 5772 hanc
2281 5732 2489 5787 poenam

921 5829 1344 5873 commemorans
1372 5813 1605 5883 psalmus
1645 5811 1743 5865 iste
1765 5849 1779 5871 ‚
1823 5825 1852 5862 a
1890 5810 2081 5879 populo
2106 5809 2265 5879 coepit
2285 5850 2299 5871 ,
2343 5821 2393 5863 et
2422 5806 2490 5863 ad

927 5909 1089 5963 duces
1127 5905 1407 5961 conclusit.
1449 5902 1623 5957 Veniat
1649 5915 1781 5953 mors
1802 5914 1951 5968 super
1972 5916 2055 5953 eos
2083 5940 2096 5963 ,
2129 5908 2344 5969 propter
2373 5898 2490 5954 illos

987 6087 1002 6115 ¹
1035 6085 1107 6132 sic
1129 6089 1202 6130 t·:r.
1231 6089 1280 6130 nt
1304 6087 1408 6128 mss.
1440 6086 1491 6128 st
1514 6084 1640 6135 Loxa,
1666 6071 1756 6125 scd
1781 6084 1870 6121 nou
1893 6070 2229 6122 amaricentur.

984 6147 1059 6206 (a)
1090 6150 1138 6195 tu
1161 6146 1438 6194 Dtntattstas.

2093 673 2150 728 S.
2191 659 2553 728 AucusTtNt
2596 664 2891 722 Ertscom

3437 724 3451 730 -
4018 669 4131 724 6ίο

2560 778 2689 834 dixit
2708 821 2722 842 ,
2752 794 2912 849 super
2936 791 3067 850 quos
3096 777 3238 832 venit
3271 777 3404 848 ignis
3432 776 3498 831 de
3525 777 3661 836 coelo
3694 796 3706 830 :
3735 788 3791 832 et
3822 778 3999 833 statim
4024 778 4128 833 ad*

2546 871 2738 942 pinxit,
2772 869 3084 926 Descendunt
3095 870 3169 923 ad
3188 871 3442 942 infernum
3465 871 3698 934 viventes,
3718 880 3933 941 propter
3955 870 4131 928 duces

2552 977 2684 1030 qnos
2714 970 2868 1016 terne
2906 960 3078 1015 hiatus
3102 960 3392 1016 absorbuit.
3444 961 3576 1017 Nam
3603 960 3871 1032 quomodo
3894 961 4127 1018 descen-

2552 1053 2823 1110 derentad
2852 1052 3115 1110 infernum
3140 1055 3406 1120 viventes,
3436 1052 3503 1109 de
3531 1053 3722 1123 quibus
3748 1053 3984 1119 dixerat,
4026 1053 4129 1110 Ve-

2552 1145 2658 1198 niat
2683 1161 2818 1199 mors
2843 1162 2995 1217 super
3021 1146 3145 1200 eos?
3184 1146 3227 1201 si
3257 1144 3363 1216 iam
3394 1160 3556 1216 snper
3590 1161 3687 1200 eos
3716 1161 3858 1202 mors
3882 1159 4127 1211 venerat,

2553 1237 2818 1306 quomodo
2843 1237 2946 1292 vivi
2979 1237 3044 1292 ad
3077 1238 3273 1292 inferos
3314 1238 3754 1293 descendebant?
3801 1239 3942 1311 Ergo
3968 1256 4000 1293 a
4030 1240 4132 1295 mi·

2555 1330 2772 1386 neribus
2797 1331 2974 1399 eoepit,
3008 1329 3073 1385 ad
3102 1330 3329 1401 majores
3358 1331 3638 1386 etun-lusit.
3680 1330 3860 1388 Veniat
3882 1349 4023 1386 mors
4048 1349 4133 1385 sn-

2554 1439 2645 1492 per
2667 1439 2749 1478 eos
2772 1466 2787 1490 ,
2816 1424 2903 1494 qui
2926 1432 3311 1479 consenserunt
3336 1433 3390 1478 et
3415 1425 3681 1480 consecuti
3709 1433 3853 1485 sunt.
3896 1424 4038 1493 Quid
4061 1425 4136 1481 illi

2553 1515 2717 1578 duces
2746 1525 2799 1571 et
2819 1515 3132 1588 principes?
3161 1515 3476 1575 Descendunt
3495 1517 3564 1572 ad
3593 1519 3846 1590 infernum
3875 1520 4096 1575 viventes
4117 1536 4139 1574 .-

2554 1610 2675 1680 qnia
2707 1608 2804 1681 ipsi
2833 1609 3136 1683 Scripturas
3168 1618 3433 1676 tractant,
3466 1621 3521 1665 et
3549 1620 3809 1666 noverunt
3834 1610 3978 1667 bene
4003 1627 4137 1681 qun-

2557 1700 2682 1756 tidie
2721 1700 2943 1771 legendo
2984 1699 3251 1774 quomodo
3280 1687 3519 1757 Ecclesia
3549 1701 3809 1756 catholiea
3840 1717 3939 1775 per
3963 1711 4136 1757 totum

2555 1790 2741 1845 orbem
2786 1800 3043 1846 terrarum
3075 1792 3159 1846 ²ita
3188 1791 3375 1847 diffusa
3418 1801 3500 1848 est
3523 1834 3537 1858 ,
3590 1803 3644 1847 ut
3671 1795 3891 1850 omnino
3915 1804 4135 1848 eontra-

2538 1885 2718 1943 -dictio
2741 1878 2913 1941 omnis
2939 1896 3121 1953 vacet,
3170 1901 3269 1941 uec
3296 1886 3517 1941 inveniri
3547 1888 3711 1955 possit
3736 1886 3952 1957 aliquod
3990 1887 4135 1941 testi-

2559 1979 2794 2032 moninm
2825 1994 2918 2046 pro
2946 1976 3233 2032 schismate
3257 1991 3441 2032 eorum
3465 2019 3479 2039 .
3510 1986 3769 2032 noverunt
3798 1977 3970 2042 l›ene;
4017 1978 4137 2032 iden

2558 2072 2623 2127 ad
2673 2071 2870 2127 inferos
2909 2072 3148 2126 viventes
3191 2069 3553 2134 descendunt,
3598 2070 3717 2139 attia
3763 2069 3966 2127 tunium
3994 2070 4135 2140 quod

2561 2162 2776 2228 faciunt,
2806 2162 3003 2218 malum
3024 2177 3140 2217 esse
3165 2170 3445 2219 noverunt.
3477 2160 3597 2216 lllos
3617 2171 3791 2233 autem
3816 2160 4017 2218 divium
4038 2163 4138 2217 ir.-

2560 2255 2765 2309 candian
2797 2257 2811 2287 ¹
2842 2254 2976 2326 ignis
3004 2253 3315 2322 absumpsit.
3367 2252 3555 2308 Studio
3595 2253 3736 2308 enim
3765 2254 4125 2312 contentionis

2561 2349 2812 2412 accensi,
2856 2363 2884 2401 a
2915 2346 3135 2402 ducibus
3176 2346 3286 2400 suis
3326 2345 3479 2400 malis
3509 2344 3761 2400 recedere
3808 2344 4128 2400 noluerunt:

2563 2440 2704 2492 venit
2734 2452 2895 2509 super
2926 2437 3100 2507 iguem
3130 2436 3265 2506 ignis
3285 2477 3298 2494 .
3332 2450 3490 2504 super
3516 2435 3761 2489 ardorem
3789 2434 4136 2489 dissensionis

2563 2528 2721 2585 ardor
2744 2527 3185 2596 consumptionis.
3249 2523 3427 2579 Veniat
3461 2542 3595 2596 mors
3621 2524 3775 2595 snper
3803 2526 3920 2580 illos
3941 2568 3956 2586 ,
3985 2537 4032 2579 et
4053 2527 4133 2580 de·

2564 2619 2806 2672 scendunt
2832 2617 2901 2670 ad
2942 2618 3197 2686 infernum
3240 2616 3475 2669 viventes.
3532 2615 3781 2683 Quoniam
3825 2617 4049 2686 nequitia
4086 2618 4134 2668 iu

2565 2707 2793 2776 hospitiis
2812 2721 3001 2771 eorum,
3028 2707 3081 2758 in
3110 2704 3271 2758 medio
3290 2721 3481 2758 eorum.
3510 2702 3537 2756 1
3545 2721 3576 2756 n
3606 2703 3855 2771 hospitiis,
3881 2705 3970 2758 ubi
4024 2719 4137 2773 pcr-

2566 2800 2877 2868 egrinantnr
2912 2808 2964 2852 et
3001 2804 3292 2851 transeunt.
3319 2794 3434 2850 Non
3465 2796 3604 2850 enim
3637 2795 3720 2850 hic
3741 2809 3957 2865 semper
3985 2794 4134 2850 l'uturi

2567 2900 2690 2944 sunt
2722 2908 2733 2942 :
2762 2900 2815 2944 et
2860 2900 3031 2943 tamen
3083 2901 3180 2955 pro
3226 2887 3559 2944 animositate
3605 2887 3878 2959 temporali
3924 2888 4003 2936 sir
4047 2903 4135 2956 pn-

2568 2989 2749 3050 guant.
2793 2977 3113 3046 Iit-bospitiis
3147 2990 3275 3046 ergo
3297 2993 3468 3030 eorum
3501 2976 3761 3046 iniquitas,
3794 2977 3846 3029 in
3878 2980 4038 3032 nti-sliu
4058 2992 4139 3032 aas·

2569 3089 2681 3125 rum
2710 3071 2959 3141 iniquitas
2989 3088 3001 3122 ε
3037 3069 3238 3122 nullum
3270 3078 3375 3121 tam
3404 3067 3632 3122 medium
3658 3082 3843 3122 eorum
3870 3084 4030 3136 sinain
4054 3076 4139 3124 unt·

2569 3180 2775 3219 eorum.
3375 3204 3387 3214 .
4026 3184 4029 3191 =

2643 3256 2729 3310 17.
2764 3252 2912 3328 [vers.
2951 3250 3059 3325 t7.]
3088 3249 3198 3320 qu
3218 3249 3285 3303 ad
3313 3249 3581 3303 Dominum
3614 3248 3914 3305 exclamavi.
3942 3248 4139 3325 Carpe*

2572 3345 2767 3401 Christi
2797 3353 2850 3399 et
2875 3343 3049 3398 unitas
3069 3340 3266 3395 Christi
3296 3340 3346 3394 in
3377 3353 3571 3410 angore
3592 3380 3606 3402 ,
3647 3339 3699 3392 in
3731 3339 3890 3393 taedin
3914 3385 3930 3405 ,
3962 3341 4014 3397 in
4038 3345 4139 3397 tnn-

2576 3440 2722 3495 lestia
2747 3480 2763 3506 ,
2788 3437 2841 3491 in
2867 3433 3271 3492 conturbatione
3296 3430 3692 3488 exercitationis
3720 3446 3830 3487 suae
3854 3447 3865 3498 ;
3902 3437 3990 3489 ille
4018 3449 4139 3489 nime

2576 3530 2738 3584 homo
2762 3571 2777 3593 ,
2828 3529 2878 3583 in
2918 3542 3024 3582 uno
3064 3540 3288 3595 corpore
3314 3525 3498 3594 ,posita
3530 3522 3703 3579 unitas
3726 3564 3740 3587 ,
3781 3539 3902 3578 curn
3934 3525 4139 3581 tmdnret

2576 3622 2805 3676 animam
2847 3620 2964 3689 eius
3009 3617 3312 3674 exclamans
3347 3631 3374 3669 a
3422 3614 3616 3672 tinibus
3652 3622 3808 3668 terrae
3839 3631 3854 3669 ε
3881 3614 3924 3667 Α
3969 3615 4141 3686 finibus

2577 3723 2721 3767 terroe
2744 3710 2810 3764 ad
2838 3718 2885 3765 te
2908 3708 3154 3772 clamavi,
3200 3706 3400 3776 iuquit,
3438 3721 3551 3759 cum
3576 3714 3847 3777 anyer-etur
3872 3720 3965 3759 cor
3992 3721 4141 3759 meunt

2583 3804 2751 3876 (Psal.
2787 3819 2872 3869 ωε,
2898 3802 2982 3872 5).
3035 3800 3152 3870 lpse
3189 3814 3325 3854 unus
3348 3840 3363 3865 ,
3401 3798 3494 3853 sed
3537 3797 3709 3852 unitas
3744 3811 3885 3856 unus
3917 3816 3932 3852 :
3962 3809 4015 3853 et
4041 3798 4144 3868 ipso

2579 3913 2714 3953 unns
2740 3937 2753 3961 ‚
2787 3909 2891 3949 nou
2916 3895 2965 3946 in
2990 3906 3095 3945 uno
3116 3891 3233 3945 loco
3258 3906 3394 3944 unus
3418 3932 3433 3953 ,
3464 3889 3556 3944 sed
3579 3904 3608 3943 a
3636 3888 3830 3943 linibus
3855 3899 4015 3944 terrie
4040 3887 4141 3945 cla-

2580 3998 2688 4042 mat
2728 3999 2883 4038 ntum.
2924 3981 3200 4049 Quomodo
3226 3995 3256 4033 a
3283 3980 3476 4033 linibus
3506 3988 3659 4033 terrm
3704 3979 3961 4034 clamaret
3993 3994 4140 4043 uuus,

2582 4079 2681 4133 nisi
2726 4078 2777 4131 in
2808 4075 2986 4128 multis'
3014 4082 3155 4127 esset
3183 4068 3362 4124 unus?
3412 4068 3522 4140 Eyo
3560 4069 3628 4123 ad
3666 4067 3944 4123 Dominum
3983 4071 4142 4124 escto-

2581 4172 2733 4224 mavi.
2783 4166 2966 4221 Recte.
3001 4163 3080 4218 'l'u
3110 4162 3348 4217 exclama
3379 4159 3444 4215 ad
3475 4161 3788 4224 Dominum,
3821 4162 3928 4217 noli
3954 4162 4021 4216 ad
4050 4162 4143 4215 Do·

2583 4272 2803 4321 natum:
2853 4272 2920 4311 ne
2962 4256 3055 4310 tibi
3104 4254 3173 4308 sit
3218 4266 3314 4322 pro
3342 4252 3568 4306 Domino
3596 4253 3881 4317 duminuS,
3931 4255 4021 4324 qui
4057 4254 4146 4309 sub

2584 4354 2808 4411 Domino
2842 4350 3008 4406 noluit
3031 4363 3151 4402 esse
3184 4359 3492 4401 conservus.
3533 4344 3644 4416 Eyo
3672 4345 3740 4398 ad
3770 4339 4046 4400 Dominum
4069 4361 4146 4400 ea·-

2584 4444 2796 4500 clomavi
2824 4458 2843 4495 .·
2867 4450 2912 4495 et
2936 4438 3175 4493 Dominus
3194 4435 3444 4491 exaudivit
3469 4451 3564 4489 me.
4211 4423 4215 4428 ’

2658 4535 2743 4591 18.
2777 4533 2928 4607 [vers.
2952 4529 3063 4602 t8.]
3102 4527 3347 4599 Vespere,
3393 4535 3441 4580 et
3478 4543 3653 4594 mane,
3685 4535 3731 4579 et
3752 4526 3993 4589 meridie,
4018 4544 4150 4582 enor-

2585 4631 2704 4683 rabo
2725 4668 2739 4692 ,
2763 4636 2807 4678 et
2833 4621 3158 4687 annuntiabo,
3181 4628 3229 4673 et
3248 4618 3479 4673 exaudiet
3509 4634 3673 4671 vocem
3696 4633 3876 4672 meam.
3913 4618 4149 4690 Evange-

2589 4721 2685 4775 liza
2716 4728 2790 4778 tu.
2822 4715 2927 4770 noli
2956 4722 3130 4768 tacere
3148 4719 3202 4764 tu
3230 4709 3368 4779 quod
3401 4709 3666 4777 accepisti,
3690 4724 3911 4776 vespere,
3938 4710 4006 4764 de
4032 4725 4154 4779 pne·

2588 4809 2794 4871 teritis;
2835 4820 2983 4859 manc
3005 4845 3020 4867 ,
3050 4800 3116 4856 de
3155 4800 3384 4865 l'uturis;
3430 4798 3637 4853 meridie
3656 4841 3671 4862 ,
3702 4799 3769 4852 de
3797 4801 4154 4869 sempiternis.

2588 4902 2714 4957 ldeo
2744 4898 2808 4952 ad
2838 4897 2888 4951 id
2915 4894 3054 4966 quod
3079 4893 3185 4955 ait,
3227 4907 3427 4960 vespere
3447 4932 3461 4949 .
3492 4890 3723 4961 pertinet
3742 4889 3886 4958 quod
3914 4898 4155 4945 enarrat:

2589 4994 2655 5048 ad
2685 4991 2735 5046 id
2765 4986 2904 5059 quod
2930 4987 3004 5042 ait
3027 5026 3041 5048 ,
3085 4999 3234 5036 mane
3256 5024 3270 5048 ,
3310 4981 3537 5051 pertinet
3564 4979 3702 5048 quod
3739 4979 4022 5035 annuntiat
4053 4997 4067 5032 z
4097 4977 4160 5034 ad

2591 5085 2640 5139 id
2670 5080 2807 5152 quod
2838 5079 2949 5140 ait,
2992 5074 3197 5129 meridie
3221 5117 3235 5139 ,
3285 5072 3513 5143 pertinet
3559 5069 3698 5141 quod
3745 5073 4031 5127 exauditur
4067 5088 4164 5129 vax

2592 5175 2727 5243 ejuS.
2783 5173 2925 5226 liinis
2944 5169 3082 5224 enim
3114 5166 3165 5220 in
3194 5164 3417 5219 meridie
3438 5172 3553 5228 est,
3585 5160 3678 5217 sed
3704 5163 3847 5216 unde
3872 5178 3979 5216 non
4002 5162 4168 5217 decli·

2593 5276 2747 5322 natur
2771 5266 2822 5319 in
2851 5276 3117 5318 occasum.
3164 5256 3220 5313 ln
3269 5254 3490 5331 meridie
3516 5254 3655 5308 enim
3698 5255 3783 5307 lnx
3826 5255 4039 5308 excelsa
4067 5262 4168 5320 cst,

2593 5355 2844 5428 splendor
2897 5349 3188 5421 sapientiai,
3242 5348 3416 5401 servor
3460 5345 3779 5400 dilectiouiS.
3841 5342 4088 5416 Vespere,
4125 5354 4172 5400 et

2593 5463 2755 5513 mane,
2789 5454 2834 5498 et
2856 5441 3078 5496 meridie.
3110 5438 3339 5504 Vespere
3363 5436 3617 5490 Dominus
3639 5435 3692 5488 in
3721 5449 3898 5499 cruce,
3934 5451 4094 5491 mane
4122 5437 4171 5489 iu

2596 5527 3001 5599 resurrectione,
3024 5530 3243 5585 meridie
3267 5530 3317 5582 in
3348 5529 3656 5582 ascensione
3688 5545 3701 5579 t
3735 5542 3930 5582 enarro
3950 5542 4176 5598 vespere

2595 5630 2900 5701 patientiam
2950 5623 3259 5684 morientis,
3312 5621 3569 5674 anmtntio
3609 5634 3766 5674 mane
3801 5620 3965 5674 vitam
3990 5636 4179 5676 resur·

2595 5722 2795 5795 gentiS,
2845 5710 3091 5774 orabo'ut
3127 5712 3373 5768 exandiat
3414 5712 3643 5766 meridie
3678 5711 3872 5765 sedens
3902 5711 3968 5765 ad
3990 5710 4181 5765 dexte-

2596 5829 2707 5867 ram
2728 5808 2932 5870 Patris;
2960 5803 3205 5860 exaudiet
3232 5816 3413 5856 vocem
3442 5816 3614 5854 meam
3636 5799 3723 5868 qui
3746 5799 4057 5871 interpellat
4088 5816 4183 5869 pro

2598 5902 2749 5959 nobis
2778 5898 2952 5967 (Rom.
2979 5912 3090 5956 vin,
3120 5895 3231 5962 54).
3262 5894 3467 5960 Quanta
3498 5891 3655 5959 huius
3671 5891 3957 5955 securims,
3980 5904 4185 5960 ‹ptauta

2600 5990 2894 6050 consolatio
2914 6032 2928 6052 ,
2969 5994 3159 6055 quauta
3192 5982 3414 6037 resectio
3445 6000 3473 6035 a
3505 5981 4018 6051 pusillanimitatem
4048 5995 4183 6037 tetu-

2665 6129 2679 6158 ¹
2716 6134 2889 6173 onmes
2913 6128 2999 6170 mss
3022 6153 3037 6180 ‚
3064 6118 3121 6168 de
3147 6115 3305 6207 divina
3326 6114 3574 6165 iracundia
3598 6114 3720 6177 ignis
3741 6107 4023 6172 amansii.
