5025 6925
2191 597 2197 632 l

1122 674 1352 736 strumum
1372 675 1522 733 euscorr
2089 679 2149 774 ,ιιι
2190 635 2203 758 ἰ

1370 793 1522 848 tolerarent.
1544 794 1596 850 Sed
1609 796 1669 865 quia
1693 794 1766 865 palea
1786 792 2073 857 contemneremus
2091 806 2150 854 auu
2200 813 2203 843 ι

1369 884 1453 954 ipsam
1473 886 1682 951 uetitiiationem,
1705 898 1732 942 et
1754 886 1841 955 rapuit
1856 885 1890 941 de
1909 900 1972 939 area
1987 884 2105 955 paleam.
2126 895 2153 942 ct
2196 917 2199 922 -

1369 976 1479 1045 projecit
1492 979 1517 1029 iu
1530 978 1630 1046 spinas.
1645 977 1679 1032 Et
1692 978 1765 1048 palca
1778 976 1883 1047 quidem
1896 976 1957 1031 inde
1967 975 2088 1047 projecte
2096 987 2152 1032 est:
2166 967 2175 1006 '²
2199 963 2203 978 ¹

1369 1064 1417 1120 sed
1431 1067 1556 1136 numquid
1571 1068 1639 1137 quod
1660 1069 1788 1122 remansit
1809 1068 1967 1122 trumentum
1988 1067 2079 1121 sota·
2096 1067 2158 1124 esti

1369 1156 1426 1211 Nou
1442 1157 1586 1213 volutante
1602 1158 1797 1213 ventilationem
1811 1156 1861 1211 nisi
1877 1157 1960 1225 palca,
1976 1167 2099 1212 remanet
2110 1172 2158 1212 au·

1370 1257 1423 1303 tent
1445 1259 1470 1303 et
1484 1247 1643 1304 iretueutum
1665 1258 1691 1303 et
1705 1250 1797 1319 palea;
1822 1248 1992 1303 ventilabitur
2003 1262 2071 1303 vero
2084 1248 2161 1319 pelet

1369 1355 1429 1395 cum
1452 1342 1553 1395 venerit
1576 1349 1681 1410 tempus
1701 1341 1889 1395 ventilationis.
1913 1338 1971 1394 Uoc
1993 1338 2065 1395 dixit
2086 1339 2153 1394 iste:
2200 1385 2203 1402 ,

529 692 575 745 tit

531 819 593 859 res:
608 817 642 857 ne
669 809 765 871 preter
787 812 877 853 aream
901 797 1033 861 iuventus,
1059 794 1132 864 prins
1157 793 1191 848 ab
1221 792 1313 847 aribus

529 895 677 965 mitigatur,
700 907 779 962 uuam
798 889 959 961 ingrediatur
978 891 1004 943 iu
1027 888 1162 943 borreum.
1177 883 1315 954 Quomodo

530 994 618 1038 autem
642 981 702 1045 boc,
722 981 827 1047 iratres,
845 979 964 1034 dieamus
985 976 1122 1032 attendite.
1146 975 1232 1032 Grana
1253 989 1314 1030 cum

530 1073 661 1142 ceperint
676 1072 802 1135 triturari,
818 1072 886 1125 inter
902 1070 990 1140 paleas
1002 1070 1055 1139 jam
1069 1084 1099 1123 se
1117 1084 1171 1122 non
1184 1075 1314 1137 tangunt;

531 1166 566 1219 ita
580 1164 654 1234 quasi
669 1178 698 1219 se
719 1180 771 1217 non
786 1171 925 1224 neverunt,
945 1162 1006 1230 qnia
1029 1158 1169 1214 intercedit
1181 1159 1268 1227 palea.
1284 1157 1316 1212 Et

508 1257 693 1337 ¹quicumque
716 1255 819 1326 longius
845 1253 957 1308 attendit
977 1268 1077 1318 aream,
1104 1252 1204 1321 paleam
1231 1250 1315 1305 selam

532 1355 606 1416 putat
620 1364 626 1398 :
642 1345 692 1400 nisi
707 1345 859 1415 diligentius
881 1346 1023 1406 intueatur,
1048 1343 1097 1396 uisi
1113 1357 1218 1397 manum
1231 1341 1315 1413 porri·

508 1484 510 1487 .
532 1449 586 1507 gat,
599 1438 649 1491 nisi
663 1437 756 1505 spiritu
770 1437 834 1496 oris,
851 1435 939 1499 idest,
957 1433 1018 1488 llatu
1033 1442 1160 1503 purgante
1172 1432 1315 1493 discernat.

532 1527 641 1582 diiiieile
665 1527 782 1596 perrcuit
810 1526 841 1578 ad
863 1525 1049 1579 discretionem
1073 1538 1226 1593 granorum.
1248 1522 1318 1592 Ergo

532 1616 674 1688 alirptando
687 1626 714 1671 et
735 1617 792 1685 ipsa
805 1631 885 1685 grauia
908 1616 942 1667 ita
957 1623 1029 1677 suut,
1044 1613 1120 1683 quasi
1142 1612 1263 1682 sejuncta
1284 1610 1319 1665 ab

534 1709 658 1770 invicem.
674 1717 701 1761 et
720 1724 771 1761 urin
791 1724 821 1762 se
838 1709 981 1777 tangentia,
1000 1719 1029 1760 ut
1051 1715 1124 1775 putet
1138 1707 1319 1776 uerusquisnoe

533 1816 594 1855 enm
605 1801 756 1872 proiecerit,
771 1800 839 1869 guod
853 1800 924 1854 seins
938 1800 982 1853 sit.
996 1799 1056 1853 lime
1067 1799 1200 1875 cogitatio,
1213 1798 1318 1864 iratres,

536 1893 620 1948 Elium
637 1894 755 1957 tentarit,
777 1901 876 1946 tantum
899 1893 982 1946 virum
998 1892 1042 1961 (ill
1057 1891 1119 1962 lice.
1139 1907 1195 1957 ιιι,
1212 1889 1278 1960 to);
1293 1900 1320 1946 et

534 1983 601 2036 dixit
614 1981 646 2036 ad
662 1983 755 2049 iteum,
770 1984 837 2037 sicut
852 1984 931 2037 etiam
951 1982 1094 2053 Apostolus
1105 1990 1318 2037 commemorat:

537 2073 677 2146 Paenitetne
698 2084 753 2127 tuos
774 2074 926 2139 ecciderunt,
942 2073 1034 2126 elterie
1053 2082 1096 2126 tue
1115 2071 1321 2138 ratiocinante

534 2181 580 2235 ege
595 2166 702 2217 reaterui
715 2166 792 2231 seles,
807 2174 829 2218 tt
841 2174 956 2235 puerunt
965 2164 1077 2218 enirnem
1090 2180 1179 2217 aueum.
1192 2163 1244 2218 see
1260 2162 1321 2232 quid

533 2256 593 2309 dicit
605 2255 642 2309 illi
654 2272 801 2325 responsent
812 2256 943 2309 tlieiuttnt?
955 2254 1054 2325 Reliqui
1067 2254 1129 2330 milti
1138 2264 1230 2324 reptem
1241 2252 1321 2306 otiiit'e

535 2349 654 2411 virorum,
666 2349 709 2418 qui
720 2365 769 2401 aea
782 2359 944 2402 cereeecrnut
955 2365 1036 2420 gerrae
1046 2346 1176 2401 anteeant
1185 2346 1273 2416 (Rom.
1283 2361 1319 2411 tu,

533 2439 628 2509 faeti).
642 2438 698 2492 Non
711 2438 778 2492 dixit
789 2439 827 2492 ci:
837 2439 924 2493 llabes
937 2439 1002 2493 alios
1015 2437 1083 2493 duos
1097 2446 1142 2491 aut
1154 2446 1208 2493 tres
1221 2437 1323 2491 similes

538 2531 594 2584 tibi.
610 2530 678 2594 Noli,
701 2530 794 2600 inquit,
815 2541 907 2599 putare
920 2538 946 2584 te
967 2530 1064 2584 selum.
1087 2529 1154 2595 Alia,
1171 2510 1264 2598 inquit,
1280 2542 1321 2582 sc-

537 2632 608 2699 ptem
623 2623 702 2676 nullia
722 2631 794 2689 seut,
807 2631 834 2676 et
846 2623 930 2676 solum
945 2630 971 2677 te
986 2623 1077 2691 putas!
1093 2621 1182 2691 ltaque
1197 2621 1247 2675 itoc
1261 2620 1322 2673 bre-

536 2716 604 2769 titcr
617 2713 793 2783 preacipimns,
809 2721 836 2767 ut
856 2713 945 2768 dicere
962 2727 1105 2783 coeperam.
1126 2711 1246 2766 intendat
1266 2727 1321 2764 me·

536 2821 597 2859 cum
612 2805 726 2859 iraterna
738 2804 869 2859 Sanctitas
883 2804 987 2869 Vestra,
1006 2812 1034 2858 et
1054 2801 1123 2856 adsit
1142 2800 1322 2855 misericordia

538 2896 583 2950 Uei
598 2897 622 2949 iu
637 2896 760 2951 cordibus
773 2895 880 2959 uestris,
895 2902 924 2947 ut
944 2894 982 2948 sic
994 2909 1009 2946 a
1020 2892 1094 2947 robis
1108 2891 1279 2961 intelligatur,
1296 2898 1323 2943 ut

537 2987 686 3047 lructiireet.
699 2995 726 3040 et
735 2986 761 3039 iu
773 2986 989 3055 robiseperetur.
1002 2983 1096 3037 Audite
1105 2980 1235 3037 breuiter:
1245 2979 1323 3048 Quis·

536 3081 596 3149 quis
614 3080 701 3134 adbuc
724 3079 809 3133 malus
830 3087 881 3144 cst,
904 3094 955 3131 noir
978 3085 1052 3146 putet
1073 3076 1205 3129 neminem
1224 3074 1323 3129 bouum

536 3187 596 3225 esse
612 3171 748 3240 :utrisuuis
760 3169 845 3224 bouus
862 3178 912 3234 cst,
928 3183 979 3222 non
992 3174 1066 3236 putet
1081 3181 1110 3220 se
1125 3165 1209 3220 seium
1225 3164 1324 3218 bonum

538 3278 607 3318 csse.
628 3263 735 3318 Tenetis
758 3262 828 3316 boel
845 3261 914 3316 Eue
933 3270 1034 3330 repete,
1050 3259 1137 3314 ridete
1159 3259 1219 3328 quia
1241 3258 1323 3313 dieo:

538 3353 663 3422 Qnistptis
678 3353 761 3406 malus
774 3361 824 3418 est,
847 3352 1012 3420 interrogans
1026 3349 1216 3404 conscientiam
1236 3362 1324 3415 suam,

538 3455 566 3500 et
577 3445 645 3500 nmie
658 3444 707 3499 sibi
722 3444 886 3512 renuntians,
903 3458 955 3497 tren
972 3442 1114 3497 arbitretur
1128 3441 1261 3496 nemiuem
1276 3440 1325 3496 bo-

540 3554 602 3592 nnm
615 3552 675 3592 esse
689 3555 695 3590 :
709 3538 827 3608 quisquis
846 3536 993 3603 bonusest,
1009 3550 1063 3589 nou
1077 3535 1218 3589 arbitretur
1231 3549 1261 3589 se
1275 3547 1321 3587 so·

539 3629 593 3683 lum
620 3630 717 3684 bonum
742 3643 817 3693 esse;
844 3636 871 3683 et
896 3643 947 3680 ιιοιι
973 3627 1062 3680 timeat
1086 3626 1170 3680 bouus
1195 3625 1221 3679 in
1248 3638 1325 3679 cern·

541 3722 667 3776 tuittiune
687 3721 826 3787 malornm,
850 3721 910 3790 qrtia
924 3719 1012 3774 rcttict
1031 3728 1134 3788 tempus
1150 3727 1178 3773 ut
1199 3717 1260 3772 inde
1280 3730 1325 3772 se·

542 3823 678 3882 grcgctur.
695 3811 734 3866 dd
748 3811 799 3866 boc
812 3812 882 3866 cuim
898 3811 977 3866 lmdic
990 3810 1163 3874 cantavimus,
1180 3808 1221 3863 Ne
1234 3808 1326 3879 perdiu

539 3921 597 3958 cero
613 3905 696 3973 impiis
710 3907 820 3956 cariorem
835 3919 925 3968 tricem,
940 3912 962 3956 ct
977 3919 1033 3956 cette
1050 3902 1110 3956 ciris
1121 3901 1273 3970 congelatum
1285 3900 1326 3953 ιι-

540 4007 593 4050 tatu
608 4012 699 4049 arreum.
713 3980 781 4063 Qbid
795 3996 864 4050 cuitu
878 4003 929 4058 est,
945 3993 986 4047 Nc
997 4010 1054 4062 cem
1068 3993 1151 4064 intpiie
1166 3993 1257 4064 perdes
1267 3993 1279 4046 i
1288 3992 1327 4049 Ne

452 4083 455 4089 '
542 4087 620 4141 droul
635 4085 740 4157 perdas.
757 4084 844 4153 Quare
865 4086 941 4139 timet
958 4101 993 4139 ue
1013 4083 1091 4138 simul
1112 4083 1222 4153 perdat?
1243 4082 1326 4139 Video

541 4179 610 4233 enim
625 4177 722 4231 dictum
741 4176 805 4240 Deo,
820 4175 881 4245 utria
893 4175 972 4229 modo
983 4171 1062 4228 simoi
1078 4187 1126 4227 nos
1140 4173 1246 4242 pateris,
1260 4188 1326 4241 unos

542 4269 637 4336 pateris
652 4267 741 4332 simul,
759 4267 813 4322 nell
831 4266 941 4337 perdere
952 4263 1040 4319 simul.
1055 4265 1088 4319 Et
1101 4262 1151 4318 itee
1166 4262 1245 4318 haina
1257 4273 1328 4319 totns

543 4359 669 4425 psalmus,
689 4373 768 4429 quem
783 4357 842 4412 tolo
860 4357 975 4412 breuiter
995 4370 1056 4410 cnm
1074 4354 1221 4411 Sanctitate
1234 4355 1326 4411 Vestra

542 4449 719 4514 considerare,
733 4450 793 4518 quia
807 4448 894 4503 bret'is
910 4458 959 4503 cst.
1097 4517 1101 4524 ,

578 4539 605 4593 6.
626 4537 704 4609 ieme:
719 4537 759 4610 i.]
777 4537 871 4591 iudice
885 4555 934 4606 me,
955 4537 1062 4592 Domine
1075 4554 1084 4592 :
1097 4536 1207 4592 molesta
1225 4545 1286 4590 vota
1301 4546 1328 4591 et

542 4629 617 4700 qttasi
637 4629 784 4698 periculosa
806 4631 895 4697 optat¹
918 4630 978 4695 sibi,
999 4640 1027 4684 ut
1040 4628 1184 4699 judicetur.
1205 4627 1272 4696 Quid
1287 4636 1328 4682 est

543 4721 651 4792 judicari
665 4719 735 4790 quod
750 4719 843 4788 optat?
864 4719 980 4775 Discerui
1001 4736 1030 4775 se
1044 4728 1146 4790 optata
1167 4719 1254 4774 malis.
1269 4719 1328 4773 Alio

545 4815 603 4868 ioco
616 4811 752 4866 euidenter
766 4809 830 4865 dicit
842 4809 876 4866 de
897 4812 954 4880 ipso
966 4812 1065 4882 judicie
1077 4810 1243 4867 discretionis
1258 4829 1265 4863 :
1278 4808 1328 4864 iu·

543 4907 600 4960 dien
614 4921 664 4969 ute,
678 4903 796 4966 Domine,
818 4913 841 4958 ct
861 4904 974 4958 discerne
987 4921 1089 4958 curteum
1111 4922 1192 4959 meam
1211 4905 1242 4960 de
1256 4916 1329 4977 prule

544 5014 595 5050 vioe
613 5004 700 5051 macte
715 4996 801 5066 (Paci.
816 5011 882 5061 xttt,
897 4998 936 5065 ii.
954 4997 1074 5052 Ostendit
1087 4999 1149 5068 quid
1162 4999 1268 5066 dixerit,
1280 4997 1330 5053 Je-

543 5089 622 5142 dice:
637 5105 670 5142 ue
684 5097 806 5158 carenam
820 5089 877 5142 siue
887 5087 987 5165 judicio
1002 5087 1075 5157 (eperia
1090 5089 1168 5143 mode
1183 5099 1210 5146 et
1227 5090 1289 5146 boni
1303 5098 1330 5146 et

545 5179 605 5233 mali
621 5181 719 5234 intrant
739 5180 765 5233 in
787 5178 943 5250 l'ceicsiam)
964 5189 992 5234 et
1013 5178 1074 5233 beai
1094 5190 1121 5234 et
1143 5182 1203 5236 mali
1221 5192 1284 5237 caut
1303 5184 1328 5237 iu

545 5272 631 5341 iguem
649 5278 788 5325 retentum.
812 5264 976 5338 dedicante,
1001 5270 1118 5327 liertiae.
1141 5272 1246 5340 Quare?
1262 5274 1330 5340 Que-

466 5432 469 5437 .
544 5363 613 5414 uiam
636 5377 682 5433 ege
702 5362 729 5415 itt
747 5362 889 5417 iuttoceatie
912 5379 968 5416 mee
982 5362 1116 5428 credeban,
1137 5372 1158 5417 ei
1179 5363 1205 5418 itt
1220 5358 1329 5418 Dotitine

544 5471 648 5520 speruus
667 5471 717 5509 ιιοιι
737 5455 861 5509 arereber.
877 5454 945 5529 Quid
965 5464 1016 5519 est,
1030 5446 1057 5509 in
1078 5454 1188 5510 licutino
1206 5456 1330 5524 spereat?

546 5547 591 5600 iiie
609 5547 682 5600 euim
707 5546 802 5600 trtobat
822 5547 890 5602 inter
911 5548 1005 5612 maios,
1027 5546 1071 5617 qui
1098 5562 1150 5601 nou
1172 5547 1198 5602 iu
1218 5547 1331 5601 bertuino

546 5645 652 5704 sporet3
674 5635 736 5690 ltine
765 5634 863 5689 iactum
885 5645 926 5690 est
953 5644 982 5690 ut
1006 5636 1147 5691 schismata
1174 5636 1329 5708 stercutio).

546 5726 755 5796 'i'repidauernnt
774 5726 843 5782 iuter
860 5726 953 5787 maios,
968 5741 1027 5782 cum
1048 5729 1096 5798 ipsi
1112 5728 1217 5798 pejores
1230 5738 1330 5796 esseut,

546 5830 571 5873 ut
589 5819 662 5889 quasi
678 5817 778 5873 uellent
789 5833 849 5873 esse
863 5816 924 5872 boni
938 5818 1007 5873 iuter
1017 5820 1112 5873 malos.
1129 5817 1151 5873 0
1165 5820 1188 5874 si
1201 5819 1332 5874 irumcuta

547 5922 645 5972 esseut.
659 5910 786 5981 usquead
801 5918 905 5981 tempus
918 5911 1097 5968 ventitattents
1112 5912 1212 5982 paleam
1228 5913 1254 5968 in
1270 5928 1331 5969 arca

579 6043 588 6074 ¹
601 6039 711 6104 t‘lcrruue
722 6047 786 6100 tiss,
795 6047 857 6092 oret.

577 6104 614 6166 (et
625 6112 708 6156 tenue
718 6104 857 6154 Donatistae:

1370 1431 1404 1488 lu
1418 1433 1559 1487 innocentie
1574 1449 1627 1486 meo
1638 1432 1772 1497 ambulari,
1786 1441 1809 1484 ct
1823 1431 1849 1485 ia
1863 1430 1972 1484 Uotieno
1986 1446 2094 1501 speratae
2107 1447 2157 1485 ιιοιι

1370 1526 1493 1578 merebor.
1514 1524 1542 1579 Si
1561 1525 1629 1578 cuim
1644 1539 1784 1594 speravere
1804 1524 1829 1577 in
1845 1522 1963 1590 boruiue,
1977 1524 2087 1579 visurus
2098 1539 2156 1578 sete

1371 1614 1482 1671 lortasse
1504 1616 1590 1686 ipsum
1609 1615 1742 1671 homiuem
1760 1614 1900 1685 alimraudo
1921 1615 1991 1671 maie
2009 1614 2156 1672 uirentem.

1370 1720 1421 1761 uec
1441 1720 1488 1761 eas
1503 1708 1558 1760 tias
1572 1715 1717 1769 tenentem,
1732 1721 1797 1776 quas
1812 1705 1854 1760 rel
1868 1705 1961 1761 didicit
1979 1706 2024 1761 rel
2038 1704 2117 1761 decet
2129 1705 2154 1758 in

1372 1797 1488 1853 Ecclesia
1510 1797 1601 1862 bonas,
1624 1797 1670 1852 scd
1692 1812 1757 1868 quas
1777 1796 1882 1852 diabolo
1905 1796 2019 1852 docente
2042 1805 2158 1853 omues

1371 1896 1429 1952 est;
1443 1896 1470 1943 et
1483 1888 1543 1957 grtia
1566 1903 1628 1958 spes
1644 1904 1702 1943 mea
1720 1889 1745 1943 in
1759 1888 1865 1943 bomine
1881 1888 1942 1953 erit,
1957 1887 2090 1945 titubante
2108 1887 2154 1943 bo-

1372 1978 1443 2034 miue
1461 1978 1581 2033 titubabit
1603 1994 1665 2047 spes
1685 1995 1754 2042 mea,
1777 1988 1803 2033 et
1823 1978 1934 2035 cadente
1954 1979 2064 2035 bomine
2080 1980 2159 2036 cadet

1372 2082 1433 2137 spes
1458 2084 1515 2124 mea
1531 2087 1537 2123 ε
1554 2069 1614 2140 quia
1638 2086 1700 2125 rere
1721 2070 1747 2124 in
1768 2070 1879 2125 Domine
1897 2083 1993 2139 spero,
2022 2085 2077 2125 uon
2101 2085 2160 2126 mo·

1372 2161 1463 2214 rebor.

1407 2252 1434 2305 7.
1454 2248 1528 2324 [tere.
1542 2250 1582 2325 9.]
1602 2251 1735 2321 Senttitur,
1751 2250 1835 2305 Prole
1853 2267 1902 2315 me,
1918 2250 2037 2317 Domine,
2058 2260 2081 2306 et
2092 2260 2161 2308 teate

1373 2363 1430 2410 rue,·
1443 2364 1487 2401 ure
1498 2363 1570 2401 renes
1586 2363 1653 2399 arcer
1666 2355 1689 2400 et
1708 2363 1752 2400 cor
1769 2362 1861 2398 recum.
1877 2344 1944 2413 Quid
1958 2353 2008 2411 est,
2024 2360 2072 2399 are
2088 2360 2160 2399 rencs

1372 2456 1440 2494 meet
1453 2449 1476 2493 et
1489 2455 1533 2492 cer
1547 2440 1647 2494 metim?
1662 2438 1712 2494 Ure
1726 2438 1915 2493 delectationes
1927 2452 2011 2500 meas.
2024 2452 2073 2494 ere
2086 2440 2160 2508 cogi·

1374 2531 1486 2585 tationes
1500 2546 1572 2585 meos
1588 2531 1652 2601 (cor
1665 2546 1712 2600 pro
1725 2531 1939 2602 cogitationibus,
1960 2545 2042 2586 rencs
2052 2545 2101 2600 pro
2113 2531 2160 2585 de·

1374 2622 1559 2677 lectatienibus
1584 2620 1683 2693 posuit)
1712 2637 1744 2677 ee
1768 2621 1867 2691 aliquid
1889 2620 1950 2675 ntaii
1975 2623 2102 2691 cogitem,
2128 2636 2180 2675 ne

1374 2711 1470 2782 aliquid
1493 2711 1555 2764 mali
1578 2726 1620 2767 me
1641 2710 1765 2767 delectet.
1786 2710 1861 2767 Unde
1883 2720 1971 2766 autem
1996 2726 2062 2767 ures
2083 2725 2160 2767 renes

1375 2801 1466 2856 meos?
1481 2800 1541 2871 lgne
1554 2802 1627 2856 veriti
1646 2802 1692 2856 tui.
1708 2801 1783 2858 Unde
1798 2815 1860 2856 ures
1873 2815 1920 2856 cor
1941 2816 2031 2858 meum
2042 2802 2055 2856 i
2067 2800 2159 2856 Calore

1374 2896 1484 2966 spiritus
1498 2895 1545 2948 tui.
1568 2895 1605 2949 [ie
1626 2909 1678 2964 quo
1692 2893 1781 2949 calere
1796 2894 1858 2949 alibi
1872 2893 1969 2949 dicitur
1982 2912 1988 2947 :
2002 2893 2036 2947 Et
2057 2911 2105 2948 nort
2125 2903 2160 2948 ert

1374 2987 1416 3055 qtti
1438 3002 1464 3040 ec
1482 2985 1617 3039 elaceudet
1636 2986 1749 3039 oculere
1769 2989 1822 3056 ejus
1833 2985 1918 3056 (Paul.
1934 3002 2008 3052 artu,
2024 2987 2052 3055 Ἰ)
2069 2986 2160 3042 :etde

1374 3094 1427 3149 que
1448 3078 1508 3146 igne
1527 3078 1654 3132 Dominus
1669 3077 1732 3133 dicit
1748 3096 1754 3132 :
1768 3076 1859 3149 iguem
1875 3077 1930 3131 oeni
1949 3077 2049 3132 urittere
2070 3078 2096 3131 itt
2113 3087 2159 3131 ter-

1375 3188 1430 3225 rem
1445 3170 1520 3241 (Lite.
1535 3187 1582 3235 ru,
1598 3170 1655 3243 te).

1410 3263 1437 3318 8.
1453 3260 1533 3335 [ecre.
1548 3260 1591 3336 5.]
1612 3262 1682 3332 Ergo
1697 3262 1834 3332 seqrritur,
1849 3261 1975 3327 Quoniam
1990 3261 2160 3318 oritericerdt'e

1376 3363 1418 3407 tue
1430 3363 1488 3406 ente
1499 3351 1585 3407 ocules
1604 3369 1671 3407 uicos
1686 3360 1738 3419 est,
1751 3364 1775 3406 ct
1789 3354 1929 3422 corrpieeni
1942 3353 1969 3407 in
1985 3354 2089 3407 acritate
2103 3363 2160 3408 itte:

1376 3442 1427 3499 bec
1439 3452 1492 3510 est,
1504 3458 1557 3498 nou
1573 3444 1599 3499 ie
1612 3442 1719 3499 botnine
1731 3443 1889 3514 complacui,
1903 3443 1949 3499 sed
1962 3443 2033 3499 intus
2045 3443 2161 3515 compla-

1376 3539 1418 3592 cui
1433 3536 1490 3604 tibi,
1505 3538 1549 3593 ubi
1564 3546 1590 3593 tu
1603 3536 1693 3604 tides;
1707 3547 1734 3593 et
1748 3551 1802 3592 nou
1817 3538 1895 3593 timeo
1910 3536 1933 3592 si
1947 3536 2103 3606 displiceam
2117 3536 2161 3614 ubi

1377 3631 1497 3686 homines
1518 3629 1625 3697 vident,
1652 3630 1721 3684 sicut
1741 3631 1778 3684 eit
1799 3630 1956 3700 Apostolus,
1984 3628 2057 3700 Opes
2081 3639 2162 3684 etitem

1376 3737 1448 3775 seem
1464 3721 1551 3792 prebet
1564 3721 1742 3791 uaueqrtitrpte,
1766 3730 1788 3774 ct
1803 3729 1860 3774 tatae
1879 3719 1906 3774 in
1919 3721 2052 3786 cmtetipse
2067 3730 2162 3775 ιιιιιιιιιιι

1376 3813 1473 3869 talete
1487 3813 1604 3884 gloriam,
1619 3823 1642 3867 et
1657 3830 1707 3866 uort
1721 3814 1747 3866 itt
1760 3812 1839 3867 eltcro
1855 3810 1925 3882 (Get.
1939 3828 1976 3877 tt,
1991 3811 2032 3883 d).

1411 3907 1437 3963 i).
1455 3904 1536 3980 [uera.
1548 3904 1630 3979 ts]
1647 3904 1707 3959 Nou
1729 3906 1799 3967 sedi,
1813 3905 1913 3976 iuquit,
1928 3921 1984 3958 cem
2001 3905 2163 3960 conciliaue-

1377 3998 1472 4053 uitetie.
1496 3997 1553 4053 Hoc
1566 3997 1628 4067 quid
1644 4004 1703 4063 cst,
1724 3995 1784 4051 Neu
1805 3996 1875 4061 redi,
1897 3995 2017 4051 itttettdat
2032 3996 2163 4053 Sanctitas

1378 4088 1482 4145 Vestra.
1491 4088 1630 4155 Quomodo
1638 4088 1708 4142 ridet
1716 4089 1797 4154 Deus,
1809 4088 1873 4143 dicit
1883 4104 1933 4141 noe
1941 4087 2004 4142 aedi.
2016 4087 2164 4158 Aliquando

1382 4199 1433 4239 nou
1446 4198 1475 4238 es
1486 4183 1513 4237 iu
1527 4182 1651 4246 coneilio,
1662 4190 1690 4236 ct
1703 4181 1738 4237 ibi
1752 4181 1838 4237 sedes.
1850 4180 1930 4237 Verbi
1944 4181 2039 4252 gretia,
2052 4182 2077 4235 iu
2091 4181 2164 4236 tbea·

1379 4284 1420 4331 tro
1442 4291 1494 4330 uon
1519 4274 1614 4338 sedes,
1638 4273 1685 4329 sed
1707 4275 1807 4344 cogitas
1831 4272 1973 4345 theatrica,
1990 4282 2082 4328 contra
2106 4287 2165 4342 que

1379 4368 1477 4423 dictum
1492 4378 1547 4434 est,
1565 4366 1616 4422 Ure
1630 4383 1699 4420 renea
1710 4379 1797 4420 utros:
1812 4365 1847 4420 ibi
1862 4356 1939 4420 series
1953 4364 2057 4429 eorde,
2070 4378 2166 4433 utram·

1378 4461 1419 4514 uis
1432 4475 1484 4514 uon
1498 4459 1534 4514 sis
1549 4458 1584 4513 ibi
1600 4473 1721 4527 corpore.
1738 4455 1877 4526 Contingat
1896 4463 2029 4510 autem-ut
2050 4453 2166 4510 tenearis

1379 4550 1523 4622 abaliquo,
1538 4562 1565 4606 et
1578 4549 1612 4606 ibi
1626 4549 1772 4620 colligeris,
1785 4558 1830 4603 ant
1842 4547 1948 4618 aliquod
1962 4546 2078 4602 cilicium
2092 4547 2167 4616 pium

1381 4644 1458 4698 iaciat
1481 4651 1506 4697 te
1528 4641 1564 4696 ibi
1582 4641 1686 4695 sedere.
1706 4639 1845 4706 Quomodo
1864 4646 1951 4714 potest
1972 4640 2022 4693 ltoe
2035 4636 2168 4693 etenirel

1380 4732 1513 4802 Contingit
1526 4747 1561 4788 cx
1571 4731 1657 4787 officio
1669 4731 1772 4801 pictatis
1783 4742 1812 4784 ut
1826 4745 1903 4786 serre
1914 4726 1961 4782 [tet
1975 4728 2006 4781 sit
2020 4730 2169 4785 necessitas

1380 4825 1407 4879 io
1426 4822 1620 4893 amphitheatro
1635 4837 1711 4886 esse;
1728 4821 1841 4877 liberare
1854 4820 1958 4875 uniebat
1977 4818 2068 4874 nescio
2086 4834 2169 4889 quem

1380 4916 1562 4987 gladiatorem,
1579 4914 1634 4969 lieri
1654 4922 1743 4982 posset
1768 4922 1795 4966 ut
1814 4912 1928 4977 sederet,
1952 4919 1978 4965 et
2000 4920 2172 4980 exspectaret

1379 5010 1465 5065 donec
1486 5008 1529 5063 iile
1543 5006 1629 5062 exiret
1651 5020 1729 5075 quem
1751 5004 1864 5060 liberare
1878 5002 2008 5073 cupiebat.
2029 5001 2101 5058 Ecce
2116 5018 2169 5057 non

1381 5100 1450 5156 sedit
1470 5100 1494 5153 iu
1512 5097 1626 5154 concilio
1638 5095 1779 5159 raritatis,
1795 5094 1913 5164 utramuis
1931 5093 1984 5148 iilic
1998 5108 2113 5164 corpore
2126 5107 2184 5148 se·-

1368 5191 1444 5257 ,dere
1458 5190 1602 5245 rideretur.
1618 5186 1686 5256 Quid
1698 5197 1739 5240 est
1752 5185 1867 5241 sedere?
1881 5183 2039 5240 Consentire
2050 5200 2113 5239 com
2130 5185 2171 5239 lais

1380 5284 1425 5355 gui
1439 5283 1474 5339 ibi
1486 5282 1600 5338 sedent:
1616 5279 1687 5350 quod
1704 5279 1726 5333 si
1741 5292 1859 5350 presens
1871 5291 1923 5331 nou
1938 5274 2050 5341 leceris,
2067 5290 2121 5329 eoo
2135 5275 2171 5330 ibi

1381 5374 1472 5431 sedisti
1487 5390 1494 5428 :
1508 5375 1530 5428 si
1542 5373 1638 5427 absens
1650 5368 1761 5437 leceris,
1780 5367 1873 5425 sedisti
1891 5367 1936 5423 ibi.
1955 5365 1988 5421 Et
2007 5381 2065 5433 eum
2082 5366 2171 5438 irrigue

1382 5466 1522 5540 gerentibus
1534 5480 1584 5519 aea
1596 5462 1703 5518 introibo
1717 5461 1766 5534 (e).
1783 5460 1848 5516 lidio
1862 5459 1937 5514 helui
1953 5459 2171 5530 congregationem
2189 5494 2193 5503 .

1414 5670 1451 5733 (e)
1462 5676 1510 5718 t'oe
1521 5671 1693 5717 commemorat
1713 5663 1736 5712 id
1752 5661 1815 5726 qnod
1827 5659 1889 5710 iorte
1898 5658 1994 5709 aeneia
2007 5666 2060 5722 pest
2068 5660 2172 5723 contigit

1383 5734 1407 5784 in
1418 5730 1526 5792 carthag.
1536 5726 1664 5778 eeliatieee
1675 5761 1683 5786 ‚
1695 5726 1736 5774 ubi
1747 5726 1872 5774 Donatistae
1883 5721 1973 5794 sedere
1982 5733 2038 5770 orm
2046 5720 2173 5793 ςιιιιοιιςιι

1384 5793 1530 5849 noluerunt,
1545 5789 1656 5839 diceems
1677 5798 1817 5837 consessum
1828 5796 1882 5833 cmn
1900 5795 1981 5844 tmpus
1991 5781 2115 5844 prohiberi
2128 5782 2174 5832 boc

1384 5856 1483 5919 psalmo
1492 5852 1582 5910 Quibus
1590 5861 1732 5910 responsum
1743 5846 1803 5905 luit,
1817 5848 1882 5906 ipses
1890 5858 1965 5915 erge,
1985 5844 2042 5906 quia
2053 5842 2126 5912 simoi
2136 5844 2173 5892 irt-

1384 5918 1464 5991 gressi
1472 5920 1550 5970 eraut,
1562 5913 1708 5974 peccassem
1718 5908 1786 5967 iilud,
1798 5913 1886 5959 etcum
1896 5903 2119 5976 rnmuepereutriree
2126 5916 2174 5975 ueto

1385 5977 1496 6032 introite.
1509 5971 1676 6035 psalmumque
1686 5972 1718 6021 de
1737 5971 1850 6032 ingressu
1863 5974 1889 6017 et
1900 5978 2015 6017 consessu
2031 5965 2174 6037 spumosi,

1387 6053 1435 6090 noe
1446 6040 1477 6088 de
1488 6034 1604 6097 corporali
1621 6046 1697 6096 agere
1709 6040 1865 6083 monstratum
1877 6037 1924 6080 cst.
1946 6027 2003 6078 tide
2021 6026 2064 6077 lib.
2088 6027 2119 6078 ari
2131 6034 2173 6077 ιιι·

1387 6103 1487 6152 ectetas
1497 6105 1550 6163 pest
1560 6095 1653 6156 celtae,
1665 6107 1686 6144 c.
1698 6095 1722 6145 5.
