5025 6925
485 654 549 708 aas
1119 636 1145 690 ε.
1168 629 1350 704 auersam
1371 631 1519 722 crisconi
1599 588 1600 592 Ν
1832 590 1842 613 ‘
2071 640 2120 695 ru

470 816 472 819 .
499 775 548 827 nisi
569 769 642 840 crrjrrs
663 769 699 821 ira
721 763 797 820 dirisi
819 760 900 816 sttnt?
921 757 1059 826 erroneae
1074 754 1282 827 appropinquavit

500 881 545 920 cor
559 863 646 917 illias?
661 860 693 915 lit
707 857 885 927 intelligamus
898 854 1058 907 uoluntatem
1081 851 1161 904 illius.
1178 848 1282 902 Etenim

498 972 530 1009 er
556 951 686 1006 lueretieis
707 956 807 1002 asserta
831 955 871 999 est
887 946 894 976 ¹
909 943 1054 1004 Catlrolica,
1078 950 1105 997 et
1126 956 1157 994 eu
1183 938 1224 992 ltis
1238 937 1282 1007 qui

500 1046 567 1099 rurale
580 1050 698 1096 seutumt
711 1038 812 1107 probati
835 1044 897 1091 snm
918 1034 961 1102 qiu
978 1033 1044 1087 bene
1058 1032 1184 1087 sentiunt.
1204 1028 1282 1081 llulta

498 1138 569 1191 enim
592 1135 707 1187 latebant
728 1131 753 1185 in
777 1128 936 1198 Scriptura:
962 1135 989 1180 et
1002 1141 1061 1179 utrm
1079 1121 1179 1192 praecisi
1194 1129 1284 1176 essent

499 1226 635 1285 haretici,
657 1221 846 1293 quaestionibus
861 1219 1025 1288 agitauerunt
1049 1214 1193 1270 Ecclesiam
1216 1212 1281 1267 Dei:

458 1335 461 1342 ’
497 1326 587 1386 aperta
604 1326 662 1369 suut
679 1329 739 1383 qnae
754 1312 887 1372 latebant,
912 1319 938 1363 et
960 1308 1090 1362 intellecta
1106 1314 1147 1361 est
1162 1305 1284 1358 voluntas

498 1408 554 1464 llei.
571 1408 631 1461 lude
644 1407 740 1461 dieitur
754 1405 778 1458 iu
792 1405 843 1458 alio
856 1403 965 1472 psalmo,
978 1400 1140 1470 congregatio
1154 1408 1283 1451 taurorum

496 1502 561 1557 iuter
573 1518 659 1554 aurem
678 1499 843 1568 populorum,
865 1505 891 1548 ιιι
910 1494 1074 1549 excludamur
1089 1493 1114 1546 lui
1128 1493 1172 1560 (pai
1187 1491 1283 1559 probati

497 1601 555 1648 sunt
568 1600 669 1662 argento
682 1587 767 1659 (Paul.
780 1603 861 1648 txrrt,
873 1587 929 1657 st).
938 1584 1112 1638 Ecrlndantur
1122 1584 1191 1638 enlm
1205 1583 1281 1645 utria,

497 1684 640 1745 euriueaut,
655 1688 807 1751 appareant.
818 1677 892 1733 Unde
901 1676 1025 1730 dicuntur
1037 1684 1062 1729 et
1078 1676 1103 1727 in
1117 1685 1174 1728 arte
1187 1687 1282 1742 argen-

498 1775 563 1827 taria
577 1773 740 1833 exclusores,
750 1770 774 1824 id
783 1780 834 1832 est,
846 1785 879 1825 ex
889 1767 1002 1838 quadam
1010 1764 1166 1820 contusione
1176 1779 1282 1825 tuasne,

497 1864 589 1919 lormae
611 1878 791 1934 expressores.
815 1861 885 1929 Ergo
908 1858 981 1913 nrrrlti
1000 1857 1045 1928 qui
1058 1856 1158 1926 optime
1175 1866 1284 1925 possent

496 1958 647 2025 Scripturas
672 1954 880 2033 dignoscerenet
905 1958 1087 2019 pertractare,
1114 1947 1230 2001 latebant
1255 1947 1284 2000 in

497 2048 594 2119 populo
612 2047 677 2110 llei3
694 2059 743 2099 uec
755 2042 908 2097 asserebant
930 2041 1087 2095 solutionem
1107 2039 1282 2109 <quaestionum

495 2139 643 2194 difficilium
659 2153 718 2191 cnm
729 2137 903 2193 calumniator
917 2134 1004 2188 nullus
1017 2135 1137 2187 instaret.
1150 2131 1281 2199 Numquid

497 2233 567 2289 enirn
584 2229 698 2300 perluere
717 2230 751 2284 de
772 2229 902 2283 'lrirritate
915 2234 1053 2281 tractatum
1068 2235 1125 2290 est,
1141 2235 1281 2295 antequam

496 2324 659 2380 oblatrarent
675 2321 786 2377 Ariani?
806 2317 932 2390 numquid
948 2316 1064 2387 perfecte
1078 2316 1112 2371 de
1127 2316 1280 2387 peonitentia

465 2399 469 2409 ⁴
497 2425 637 2471 tractatum
651 2426 711 2480 est,
735 2423 875 2483 antequam
895 2412 1056 2466 obsisterent
1070 2409 1224 2466 Neratianil
1238 2409 1282 2465 Sic

495 2524 549 2561 ιιιιιι
563 2506 678 2575 perfecte
692 2506 724 2560 de
737 2505 897 2574 baptismate
912 2511 1050 2557 tractatum
1062 2511 1120 2568 est,
1140 2512 1281 2572 antequam

494 2597 708 2653 contradicerent
732 2594 796 2649 loris
824 2592 901 2663 positi
930 2593 1149 2662 rebaptizamres;
1177 2608 1227 2648 uec
1248 2592 1282 2647 de

496 2689 552 2759 ipsa
568 2689 668 2742 unitate
686 2685 784 2741 Christi
806 2685 942 2741 enucleate
960 2684 1030 2740 dieta
1052 2695 1127 2740 erant
1139 2701 1198 2755 quar
1212 2686 1282 2741 dicta

496 2791 575 2846 sant,
598 2780 647 2835 uisi
670 2790 840 2849 posteaquam
862 2779 994 2847 separatio
1016 2778 1059 2831 illa
1088 2794 1183 2847 urgere
1200 2780 1283 2848 eoepit

493 2872 590 2928 iratres
604 2872 733 2936 infirmos,
747 2880 776 2925 ut
786 2870 839 2939 jam
852 2870 888 2923 illi
901 2870 945 2940 qui
958 2880 1086 2923 noverant
1098 2869 1157 2923 hee
1169 2879 1282 2925 tractare

493 2974 575 3035 atque
589 2964 750 3026 dissolvere,
765 2978 799 3016 ne
813 2961 932 3032 perirent
946 2959 1043 3015 inlirmi
1058 2960 1188 3015 sollicitati
1206 2977 1282 3030 quu-

413 3047 416 3051 Δ
493 3056 625 3113 stirrnibus
645 3054 802 3123 impiorum,
823 3051 990 3107 sermonibus
1012 3060 1039 3105 et
1061 3049 1282 3121 disputationibus

496 3151 552 3205 sais
566 3150 676 3204 obseura
689 3146 767 3217 Legis
782 3146 807 3200 iu
826 3145 961 3216 publicum
974 3143 1144 3205 deducerent.
1161 3145 1231 3216 Ergo
1244 3146 1282 3200 illi

495 3243 572 3299 dirisi
586 3251 647 3297 sunt
661 3256 716 3312 prae
730 3240 768 3295 ira
781 3239 869 3294 rrrltus
880 3238 948 3309 ejus,
961 3248 987 3293 et
998 3238 1074 3294 uobis
1087 3238 1119 3314 ad
1134 3239 1283 3310 intelligen-

493 3336 558 3391 dum
575 3334 792 3405 appropinquarit
813 3347 859 3388 cor
880 3332 947 3401 ejus.
961 3331 1051 3400 ltaque
1066 3330 1203 3402 intelligite
1218 3331 1282 3386 illud

493 3428 565 3500 quod
580 3428 607 3482 in
623 3426 722 3495 psalmo
737 3425 788 3480 alio
801 3423 1017 3502 commemorarit
1028 3440 1035 3477 :
1048 3422 1213 3493 dangregatio
1223 3432 1282 3476 tan·

496 3537 591 3584 rerunt,
605 3519 629 3572 id
643 3528 683 3573 est
698 3518 873 3586 superborum
887 3525 1107 3585 cornupetarum,
1121 3518 1186 3569 inter
1195 3533 1283 3572 aecem

497 3611 658 3681 populorum.
680 3609 751 3676 Quas
770 3608 835 3663 diuit
847 3607 954 3661 uaccas?
971 3609 1080 3662 iluimas
1103 3609 1281 3665 seductibiles.

497 3701 591 3770 lltqnid
608 3699 677 3755 lroc?
693 3697 726 3755 ttr
743 3698 964 3763 excludanturii,
982 3698 1062 3753 idest
1080 3709 1225 3768 appareant
1237 3702 1281 3770 qui

490 3781 624 3856 ¹latebant,
639 3792 684 3861 qui
698 3789 796 3860 probati
811 3797 868 3844 sunt
887 3800 1002 3860 argento.
1015 3789 1083 3858 Quid
1096 3801 1146 3855 est,
1161 3794 1283 3862 arpenta?

498 3884 611 3954 biloquio
626 3883 681 3937 trel.
698 3881 808 3951 Eloquia
828 3879 928 3934 bantini
940 3880 1038 3949 eloquia
1051 3891 1139 3948 easta,
1153 3894 1283 3954 arpentum

496 3975 554 4048 igne
566 3975 754 4035 memoriam,
777 3971 905 4042 probabile
926 3980 1014 4034 terra,
1039 3982 1172 4044 purgatam
1193 3975 1283 4045 septies

497 4077 594 4122 tuntum
606 4064 692 4132 (Prot.
709 4080 744 4126 ιιι,
761 4060 799 4134 l).
818 4063 892 4116 llunc
905 4077 1013 4118 sensum
1028 4063 1182 4129 obscurum,
1196 4064 1284 4121 ridete

497 4155 719 4228 quemadmodum
733 4154 759 4208 in
768 4154 854 4208 lucem
864 4152 986 4208 excludat
996 4153 1156 4222 Apostolus:
1169 4155 1284 4227 Oportet,

498 4247 593 4317 inquit,
609 4256 631 4300 rt
645 4244 751 4300 lroeresei
764 4261 836 4308 erse,
850 4254 877 4298 ut
890 4244 988 4315 probati
1006 4246 1132 4316 manifesti
1144 4247 1207 4316 fiant
1218 4249 1291 4303 inter

461 4382 463 4387 .
499 4354 541 4393 ror
552 4339 574 4407 (l
589 4338 648 4392 Car.
664 4355 703 4402 ιιι,
719 4337 772 4407 llll.
785 4336 853 4406 eritl
864 4346 914 4404 est,
927 4337 1025 4407 probuti
1035 4337 1048 4390 i
1058 4337 1282 4409 Probatiarqento,

500 4429 601 4500 probati
614 4429 728 4498 eloquio.
743 4428 810 4496 Quid
825 4438 885 4490 est,
906 4429 1033 4500 manifesti
1044 4429 1124 4495 fiant?
1138 4429 1284 4487 Excluden-

497 4529 551 4574 tur.
567 4519 654 4586 erare
668 4518 735 4572 boe?
750 4518 860 4588 Propter
873 4517 1021 4574 nurettcos.
1032 4518 1099 4586 onte
1111 4531 1161 4585 εει,
1177 4535 1285 4592 prepter

499 4609 656 4666 hereticos?
677 4609 789 4679 Propter
808 4609 1040 4679 congregationem
1067 4619 1194 4665 tauromm
1218 4614 1285 4668 inter

499 4717 589 4756 wear
606 4699 765 4770 populorum
781 4697 826 4753 Sic
838 4713 901 4768 ergo
915 4707 942 4754 et
964 4699 990 4753 bi
1012 4698 1085 4754 diuisi
1103 4712 1160 4756 sunt
1174 4719 1228 4773 pra
1246 4706 1286 4758 ira

484 4795 581 4849 aruum
594 4794 658 4864 ejas,
673 4802 697 4846 ει
711 4793 922 4863 appropinquarit
935 4809 978 4847 cor
991 4794 1072 4850 illius.

534 4885 579 4942 23.
595 4883 690 4938 llolliti
706 4894 763 4937 rum
776 4899 900 4938 sermones
918 4884 972 4955 ejus
989 4901 1065 4955 cuper
1082 4886 1179 4951 obem,
1201 4897 1224 4942 et
1237 4889 1286 4957 ipsi

499 4989 557 5032 nint
571 4976 670 5045 jacula.
689 4973 815 5040 Quaeeuu
836 4973 906 5028 enim
928 4974 954 5028 in
973 4973 1117 5044 Scripturis
1131 4976 1196 5032 dura
1210 4979 1285 5033 iride-

501 5066 615 5132 bantur,
638 5081 698 5121 eum
712 5066 824 5121 obscura
839 5076 943 5131 esseut;
962 5066 1080 5135 exposita
1100 5068 1200 5122 mollita
1212 5079 1284 5124 sum.

501 5159 566 5215 llam
588 5171 616 5216 et
637 5162 719 5231 prima
746 5159 855 5214 haeresis
878 5159 905 5213 in
926 5159 1064 5228 discipulis
1076 5161 1174 5214 Christi
1187 5163 1286 5216 reluta

500 5253 595 5308 duritia
610 5253 740 5310 sermonis
753 5253 835 5323 ipsius
849 5251 916 5305 lacta
932 5260 982 5306 est.
996 5249 1062 5306 Cum
1082 5252 1152 5306 enim
1167 5252 1284 5317 diceret,

502 5329 561 5400 bist
573 5346 628 5413 quis
644 5345 830 5398 manducaverit
848 5359 950 5398 carrum
967 5359 1063 5407 tuream,
1085 5354 1110 5397 et
1127 5343 1213 5397 biberit
1225 5363 1286 5398 sarr-

501 5437 601 5507 quinem
613 5451 705 5499 meum,
719 5453 769 5489 non
781 5434 879 5489 babebit
893 5435 967 5490 ubam
983 5434 1010 5488 in
1032 5451 1058 5489 sc
1068 5451 1078 5488 :
1089 5435 1125 5489 illi
1141 5450 1192 5490 uon
1207 5438 1286 5491 intel-

502 5528 612 5599 ligentes
630 5527 754 5582 dixerunt
767 5526 798 5581 ad
814 5527 944 5587 invicem,
966 5526 1051 5580 Durus
1071 5537 1108 5580 est
1126 5526 1166 5580 iric
1187 5545 1285 5590 serum,

501 5622 557 5694 quir
582 5630 661 5689 potest
675 5637 730 5672 eum
746 5620 852 5674 audire?
864 5619 988 5674 {licentes
1000 5620 1060 5689 quia
1081 5621 1162 5674 durrus
1174 5631 1215 5674 est
1228 5637 1286 5676 ser·

502 5729 547 5768 mn
559 5714 616 5776 liic,
629 5718 819 5781 separaverunt
837 5724 866 5763 se
885 5709 919 5763 ab
933 5711 997 5764 illo:
1012 5712 1138 5764 remansit
1152 5726 1213 5766 cnm
1229 5712 1288 5767 aliis

452 5829 456 5838 ·
502 5809 652 5866 duodecim.
664 5804 729 5860 Cum
743 5804 766 5858 ei
781 5802 972 5873 suggessissent
987 5803 1046 5858 illes
1058 5805 1084 5856 in
1097 5819 1219 5858 sernmue
1231 5805 1289 5874 ejrrs

503 5901 585 5960 luisse
605 5897 813 5959 scandalizatos,
835 5894 965 5962 Numquid
977 5904 999 5947 et
1012 5911 1074 5956 ros,
1097 5895 1195 5964 inquit,
1216 5899 1289 5950 uultis

503 6000 558 6055 irai
580 5997 613 6052 Et
629 5997 738 6051 Petrus:
757 5991 861 6045 Verbum
879 5992 935 6043 nita
949 6003 1049 6043 aeterua
1063 5990 1152 6050 trabes,
1168 5989 1289 6058 adquam

535 6112 544 6146 ¹
561 6113 599 6162 sic
610 6120 661 6161 uss
674 6116 701 6160 ιιι
712 6106 779 6168 fuld,
791 6103 881 6157 atenim
891 6103 1009 6156 lucretiae
1020 6106 1104 6155 ιιειιε
1114 6110 1158 6154 eut

1337 750 1426 805 ibimus
1439 754 1525 823 (donar.
1541 772 1576 820 rt,
1593 757 1705 826 at-tlult
1720 758 1858 821 Intendile,
1878 757 2049 813 obsecramus
2062 775 2119 821 ros,

1335 851 1362 896 et
1376 846 1475 913 paruuli
1490 846 1583 902 discite
1598 848 1726 922 pietatem,
1737 850 1887 920 :llumqnid
1902 831 1954 919 jam
1970 851 2064 906 Petrus
2080 854 2121 906 in·

1336 934 1470 1004 telligebat
1483 948 1613 993 secretum
1630 940 1698 993 illius
1717 941 1847 996 sermonis
1861 941 1984 996 [iorninil
1998 942 2121 998 Nondum

1335 1025 1512 1097 intelligebat;
1539 1030 1584 1085 sed
1600 1032 1668 1086 bona
1683 1047 1742 1088 esse
1758 1033 1836 1088 rerba
1851 1050 1910 1104 que
1925 1051 1976 1090 non
1993 1036 2123 1108 intellige

1335 1116 1389 1180 bat,
1404 1120 1446 1188 pie
1458 1120 1592 1176 credebat.
1609 1124 1676 1193 Ergo
1695 1125 1717 1178 si
1740 1125 1822 1181 durus
1837 1136 1878 1181 est
1892 1122 1994 1191 serram,
2011 1138 2039 1183 ει
2053 1146 2121 1184 ιιοιι-

1335 1208 1396 1263 drrm
1412 1211 1559 1267 intellectus
1574 1225 1630 1281 est,
1645 1216 1728 1270 durus
1742 1217 1777 1273 sit
1791 1218 1887 1289 impio,
1904 1219 1951 1273 tilri
1964 1231 2054 1275 autern
2068 1224 2122 1291 pie·

1337 1308 1390 1355 tate
1408 1303 1557 1358 molliatur:
1570 1305 1629 1374 quia
1644 1307 1802 1376 quaudoque
1816 1308 1952 1375 soluetur,
1973 1320 2001 1365 ct
2016 1312 2062 1367 iret
2077 1313 2128 1368 tibi

1335 1392 1433 1459 oleum,
1447 1406 1473 1449 et
1486 1411 1569 1465 usqae
1583 1397 1615 1451 ad
1631 1412 1691 1453 ossa
1708 1400 1864 1469 penetrabit.

1370 1483 1414 1539 dl.
1430 1483 1505 1558 [uera.
1521 1486 1578 1559 bb]
1593 1488 1727 1553 Proinde,
1744 1500 1866 1562 tanquam
1883 1492 1939 1561 ipse
1953 1494 2051 1549 Petrus
2066 1508 2151 1565 past

1336 1575 1396 1631 illos
1411 1576 1524 1642 duritia,
1541 1580 1609 1633 sicut
1625 1582 1765 1659 prrtabant,
1780 1585 1912 1640 sermonis
1926 1586 2031 1641 lloutini
2046 1591 2154 1644 seau—

1335 1669 1461 1725 dalizatos
1472 1672 1550 1726 etiam
1563 1673 1606 1729 laic
1615 1675 1725 1743 diceret,
1742 1676 1849 1733 Verbum
1861 1681 1918 1736 rite
1925 1692 2028 1736 aterna
2039 1682 2140 1748 tutu.

1335 1761 1369 1814 ad
1380 1778 1452 1831 quem
1465 1763 1575 1819 ibimus?
1598 1765 1634 1820 ita
1649 1766 1778 1835 subjecit,
1792 1769 1868 1824 lacta
1880 1772 1906 1827 in
1918 1772 2059 1828 bominum
2080 1792 2151 1830 cu—

1334 1867 1389 1905 ram
1403 1862 1479 1919 tuam,
1502 1856 1592 1925 etipse
1611 1865 1635 1911 le
1653 1861 1767 1913 enutriet.
1792 1861 1919 1918 Parrtrlus
1941 1880 1982 1928 es,
2006 1867 2151 1922 uorutnun

1336 1943 1461 2015 intelligis
1475 1958 1576 2003 secreta
1591 1949 1732 2005 verborum
1746 1970 1752 2005 ε
1766 1952 1833 2008 sorte
1850 1956 1894 2009 tilri
1909 1956 1985 2025 panis
2005 1959 2086 2024 latet,
2102 1972 2162 2015 ιι

1334 2035 1423 2092 adbuc
1437 2038 1504 2094 lacte
1518 2041 1673 2097 nutriendus
1689 2059 1718 2099 es
1736 2044 1757 2118 (l
1768 2045 1825 2100 Cor.
1843 2064 1885 2112 ιιι,
1908 2048 1952 2119 2);
1977 2052 2033 2107 noli
2049 2053 2154 2109 irari

1326 2127 1478 2194 uberibus,
1501 2130 1556 2199 ipsa
1570 2121 1595 2186 te
1609 2130 1732 2188 idoneum
1756 2136 1865 2191 reddent
1880 2137 1913 2192 ad
1927 2155 2070 2208 mensam,
2087 2147 2158 2200 eui

1336 2219 1415 2274 modo
1430 2221 1517 2277 nriuus
1532 2222 1645 2279 idonens
1659 2240 1697 2280 es.
1715 2226 1784 2282 Ecce
1804 2244 1852 2298 per
1864 2229 2023 2288 diuisionem
2040 2234 2149 2290 luere—

1335 2311 1447 2367 ticorum
1469 2313 1550 2369 multa
1573 2315 1639 2370 dura
1663 2318 1763 2372 mollita
1788 2333 1847 2374 snm
1865 2339 1872 2373 ι
1887 2337 2031 2379 εειιιιιιιιεε
2056 2326 2152 2383 illius

1334 2403 1391 2458 duri
1407 2406 1499 2461 molliti
1522 2418 1583 2462 ειιιιι
1603 2424 1683 2478 snper
1704 2409 1803 2469 oleum.
1826 2421 1854 2467 et
1875 2413 1924 2482 ipsi
1947 2425 2012 2470 sunt
2026 2418 2143 2487 jacula.
2203 2446 2207 2461 ⁴

1333 2499 1510 2556 Armaveruut
1519 2504 1729 2575 evangelizantes
1741 2524 1748 2560 :
1758 2515 1785 2561 et
1796 2508 1844 2577 ipsi
1854 2523 1995 2567 sermones
2005 2511 2134 2583 dirigun-

1334 2599 1377 2646 tur
1396 2592 1422 2645 in
1438 2606 1544 2663 pectora
1559 2612 1727 2666 quorumque
1740 2599 1900 2656 audientium
1915 2602 1949 2658 ab
1962 2604 2141 2663 instantibus

1334 2695 1483 2753 opportune
1495 2695 1522 2741 et
1535 2687 1699 2757 importatum
1716 2689 1767 2746 illis
1778 2692 1957 2761 sermonibus,
1972 2695 2028 2751 illis
2040 2701 2139 2755 verbis

1335 2784 1459 2846 tanquam
1475 2780 1596 2850 sagittis,
1618 2782 1697 2836 carrula
1719 2784 1855 2838 lromiuum
1870 2785 1902 2839 ad
1916 2802 2041 2843 amorem
2057 2792 2133 2861 puris

1334 2865 1476 2924 feriuntur.
1497 2871 1559 2926 [luri
1579 2883 1673 2937 erant,
1696 2884 1723 2929 et
1745 2876 1839 2931 molles
1861 2875 1921 2932 laeli
1941 2889 2018 2936 ειιιιι.
2035 2882 2127 2939 llolliti

1335 2973 1388 3013 uon
1402 2950 1525 3015 uirtutem
1540 2963 1695 3027 amiserunt,
1710 2965 1757 3019 sed
1773 2965 1799 3019 in
1811 2965 1898 3035 jacula
1911 2972 2039 3025 eorurersi
2054 2985 2123 3029 sunt.

1334 3048 1429 3103 Molliti
1440 3060 1499 3105 errat
1512 3068 1637 3107 rmrnoner
1650 3055 1704 3124 ejus
1718 3072 1793 3124 super
1806 3057 1898 3124 oleum,
1912 3072 1936 3113 et
1950 3062 2016 3131 ipsi,
2033 3064 2120 3122 molliti

1334 3154 1481 3206 semrones,
1496 3144 1616 3214 ipsismet
1626 3146 1725 3215 jacula.
1735 3148 1791 3203 Sed
1808 3152 1968 3212 tenendum
1983 3153 2056 3212 iorte
2068 3153 2119 3212 ido·

1336 3246 1402 3288 neas
1417 3249 1446 3288 es
1458 3235 1501 3304 qui
1515 3237 1626 3290 armeris
1640 3236 1681 3291 lris
1690 3239 1796 3306 jaculis,
1810 3250 1836 3297 et
1847 3244 1965 3298 noudum
1980 3238 2032 3302 rtet
2043 3246 2119 3304 eluxit

1336 3325 1406 3393 quod
1422 3325 1447 3379 in
1462 3340 1585 3383 sermone
1599 3327 1667 3384 lorte
1679 3331 1820 3387 obscurum
1834 3345 1875 3391 εει
1888 3346 1915 3391 ει
1925 3336 2041 3406 ι1ιιιιιιιι;
2050 3335 2118 3397 tna

1335 3414 1363 3470 in
1379 3413 1515 3472 Dominum
1527 3436 1612 3474 curam
1625 3430 1703 3484 trram,
1719 3433 1741 3478 et
1755 3424 1809 3497 ipse
1820 3436 1843 3482 te
1857 3430 1972 3484 enutriet.
1990 3432 2020 3488 ln
2036 3433 2120 3491 Demi·

1336 3524 1399 3563 num
1416 3511 1485 3579 jacta
1500 3521 1535 3567 te.
1549 3512 1617 3568 Eece
1631 3515 1671 3569 ris
1684 3524 1710 3572 te
1721 3517 1822 3587 jactare
1837 3521 1862 3574 in
1877 3522 2030 3589 Dominum,
2045 3544 2118 3584 ιιειιιιι

1336 3613 1367 3654 εε
1385 3614 1516 3672 supponat
1534 3620 1582 3674 pro
1602 3605 1723 3662 [annino.
1742 3607 1817 3664 locta
1837 3612 1864 3667 in
1885 3612 2026 3672 Dourinam
2038 3636 2121 3674 curam

1335 3701 1415 3747 tuaac.
1428 3694 1493 3749 Vide
1506 3699 1727 3765 quemadmodum
1742 3716 1852 3773 maguus
1866 3706 1910 3761 ille
1926 3709 2005 3764 miles
2025 3712 2119 3770 Christi

1336 3784 1362 3837 in
1388 3800 1417 3839 se
1440 3800 1530 3840 euram
1557 3791 1727 3857 parvulorum
1749 3793 1843 3864 jactari
1866 3798 1951 3853 noluit
1967 3819 1974 3856 :
1990 3802 2121 3877 Numquid

1337 3873 1434 3929 Paulas
1449 3893 1494 3945 pro
1508 3879 1575 3932 uobis
1593 3882 1730 3949 crucifixus
1743 3894 1794 3947 est,
1811 3897 1855 3940 eut
1877 3889 1903 3942 t'n
1923 3893 2026 3947 nomine
2047 3893 2122 3950 Pauli

1336 3965 1454 4037 baptizati
1472 3970 1530 4023 estis
1552 3970 1606 4042 (ld.
1631 3988 1653 4038 ι,
1673 3974 1738 4045 lbi?
1755 3976 1823 4043 Quid
1850 3979 1889 4033 eis
1906 3980 1978 4037 aliud
2000 3984 2121 4053 dicelmt,

1336 4057 1397 4124 nisi,
1412 4057 1513 4114 laetate
1527 4061 1552 4114 iu
1569 4062 1708 4119 Dominum
1723 4081 1812 4121 curam
1827 4080 1952 4137 vestram,
1967 4083 1996 4128 et
2011 4077 2068 4149 ipse
2078 4096 2122 4135 ros

1336 4152 1470 4205 erratriet?
1490 4151 1567 4207 blodo
1589 4165 1678 4210 autern
1694 4158 1749 4212 uult
1764 4162 1889 4228 paruulus
1908 4163 2014 4233 jactare
2033 4184 2122 4224 cruram

1336 4255 1409 4297 suam
1426 4244 1452 4297 in
1467 4245 1619 4314 Dominum,
1636 4259 1663 4304 et
1676 4253 1793 4307 occurrit
1807 4250 1896 4309 nescio
1911 4258 1982 4328 quis,
1999 4270 2029 4314 ει
2041 4261 2122 4317 (ιιειιε

1337 4336 1519 4407 Egoexcipio.
1543 4341 1679 4411 Tanquam
1699 4346 1758 4398 navi
1780 4345 1916 4402 lluetnami
1936 4355 2075 4420 recmrit,
2099 4365 2125 4410 et

1336 4428 1399 4483 dicit
1412 4447 1418 4483 :
1430 4430 1485 4500 Ego
1501 4431 1614 4500 excipio.
1631 4433 1772 4504 Responde
1788 4446 1816 4492 el
1828 4439 1992 4494 importum
2014 4462 2124 4512 ιιιιιειιι,

1338 4535 1389 4575 non
1402 4537 1505 4577 saxum.
1525 4521 1600 4576 iacta
1611 4523 1637 4577 in
1650 4522 1785 4580 Dominam
1798 4543 1886 4582 curam
1898 4538 1979 4598 tuum,
1996 4537 2089 4606 etipse
2104 4547 2126 4591 te

1336 4614 1453 4667 enutriet.
1477 4614 1512 4668 Er
1531 4615 1590 4668 vide
1609 4617 1670 4687 quia
1690 4627 1782 4688 portas
1803 4627 1830 4676 te
1848 4623 1965 4693 excipit:
1981 4623 2127 4683 Nondabit

1337 4705 1363 4758 in
1377 4713 1496 4759 alanum
1514 4706 1703 4775 pttctuationem
1719 4710 1800 4779 justo.
1824 4711 1930 4768 Videris
1953 4714 2087 4774 fluctuare
2102 4722 2126 4775 iu

1337 4798 1403 4851 mari
1417 4797 1478 4862 islo,
1489 4798 1536 4853 sed
1550 4800 1648 4868 exeipit
1662 4810 1687 4856 te
1701 4813 1801 4869 portus.
1813 4803 1851 4858 l'u
1865 4814 1967 4863 tantum
1982 4821 2128 4884 antequam

1337 4889 1420 4945 intres
1435 4891 1461 4944 in
1477 4901 1592 4960 portum,
1608 4895 1642 4947 alr
1655 4897 1771 4949 anelrora
1787 4897 1840 4951 noli
1854 4899 1987 4970 abrumpi.
2005 4903 2130 4962 Fluctntt

1338 4983 1413 5038 naris
1427 4983 1452 5036 in
1465 4983 1603 5044 anchoris.
1619 4984 1732 5040 sednon
1753 4986 1831 5058 louge
1847 5002 1862 5041 a
1884 4996 1957 5046 terra
1970 4995 2131 5065 projicerem

1338 5088 1387 5129 nce
1401 5074 1426 5128 in
1441 5084 1569 5129 aternum
1590 5074 1736 5140 lluctuabit,
1758 5078 1807 5133 etsi
1828 5077 1862 5134 ad
1884 5088 1991 5152 ternpus
2006 5085 2128 5144 omniur.

1338 5165 1444 5221 Etenim
1458 5165 1491 5220 ad
1504 5165 1703 5222 fluctuationem
1721 5171 1856 5237 pertinent
1871 5173 1951 5228 rerba
1966 5180 2129 5247 superiora:

1339 5257 1505 5314 Contristetur
1518 5276 1574 5313 runt
1586 5261 1612 5313 in
1624 5263 1801 5318 eructuatum
1818 5282 1892 5330 mea,
1914 5277 1940 5322 ιι
1962 5271 2131 5326 conturbatur

1339 5368 1404 5405 sum.
1421 5352 1603 5422 Euspertabam
1617 5370 1673 5407 eum
1687 5358 1731 5425 qui
1745 5373 1783 5410 me
1796 5359 1893 5413 saluum
1907 5363 2003 5433 [orma
2015 5381 2033 5417 a
2047 5369 2132 5436 pusil-

1339 5444 1479 5500 lanimitate
1497 5458 1520 5500 et
1535 5457 1689 5516 tempestate.
1706 5449 1849 5507 Fluctuans
1862 5453 1996 5524 loquitur,
2013 5457 2063 5513 scd
2079 5474 2132 5513 non

1341 5537 1366 5591 in
1379 5547 1508 5592 arternum
1521 5540 1674 5602 llaetnabit:
1689 5560 1749 5596 uam
1764 5546 1878 5600 anchora
1891 5546 2000 5618 ligamr,
2012 5550 2133 5610 anclrora

1340 5643 1401 5698 spes
1422 5632 1480 5697 eins
1501 5638 1550 5684 est.
1577 5629 1637 5686 ll'on
1657 5634 1726 5687 dubit
1748 5635 1774 5689 in
1796 5647 1915 5691 aternum
1936 5638 2134 5707 poematorum

1336 5724 1416 5794 justo.

1376 5815 1420 5869 aa.
1436 5813 1509 5887 [eerr.
1522 5814 1579 5888 bb]
1597 5815 1650 5871 lllis
1667 5827 1755 5873 autem
1770 5819 1852 5890 quid?
1867 5820 1905 5875 Tu
1917 5837 1991 5889 aero,
2006 5823 2078 5880 licus
2089 5829 2137 5882 de·

1343 5909 1417 5962 duces
1430 5924 1471 5960 eos
1484 5910 1510 5960 in
1524 5917 1623 5977 pttteum
1634 5913 1812 5980 comuptionis.
1825 5912 1923 5968 Puteus
1935 5919 2136 5986 corruptionis,

1344 6001 1460 6056 tenebra·
1473 6011 1534 6054 sum
1546 5999 1746 6058 submersionis.
1769 6005 1883 6060 Drdurea
1901 6023 1961 6071 eos,
1987 6010 2093 6080 itrqrrit,
2111 6018 2137 6068 in

1346 6104 1445 6165 pertram
1471 6093 1637 6162 corruptionis
1658 6111 1667 6147 .·
1687 6096 1747 6166 qnia
1772 6111 1858 6152 curta
1881 6112 1981 6154 ereum
2008 6103 2131 6168 ducens,
